%YAML 1.1
%TAG !u! tag:unity3d.com,2011:
--- !u!1 &4648770034333684568
GameObject:
  m_ObjectHideFlags: 0
  m_CorrespondingSourceObject: {fileID: 0}
  m_PrefabInstance: {fileID: 0}
  m_PrefabAsset: {fileID: 0}
  serializedVersion: 6
  m_Component:
  - component: {fileID: 4648770034333684569}
  m_Layer: 0
  m_Name: Bush
  m_TagString: Untagged
  m_Icon: {fileID: 0}
  m_NavMeshLayer: 0
  m_StaticEditorFlags: 0
  m_IsActive: 1
--- !u!4 &4648770034333684569
Transform:
  m_ObjectHideFlags: 0
  m_CorrespondingSourceObject: {fileID: 0}
  m_PrefabInstance: {fileID: 0}
  m_PrefabAsset: {fileID: 0}
  m_GameObject: {fileID: 4648770034333684568}
  m_LocalRotation: {x: 0, y: 0, z: 0, w: 1}
  m_LocalPosition: {x: 0, y: 0, z: 2}
  m_LocalScale: {x: 1, y: 1, z: 1}
  m_Children:
  - {fileID: 8319559304205732342}
  - {fileID: 5361712948825730692}
  - {fileID: 8176535849672679214}
  - {fileID: 5278652794489580850}
  - {fileID: 7916617096797924694}
  - {fileID: 3219054991718723336}
  - {fileID: 4303489286510580208}
  - {fileID: 9222417560764703043}
  - {fileID: 9222417559939748124}
  - {fileID: 9222417560210521359}
  - {fileID: 4276139167071293784}
  - {fileID: 4276139168431190311}
  - {fileID: 4276139167187013903}
  - {fileID: 4276139167007462108}
  - {fileID: 4276139168310774133}
  - {fileID: 4276139167270445565}
  - {fileID: 4276139166608466279}
  - {fileID: 4276139167842250542}
  - {fileID: 4276139166750743828}
  - {fileID: 4276139167383411740}
  - {fileID: 4276139167250293231}
  - {fileID: 4276139166965206797}
  - {fileID: 4276139167114418363}
  m_Father: {fileID: 0}
  m_RootOrder: 0
  m_LocalEulerAnglesHint: {x: 0, y: 0, z: 0}
--- !u!1001 &621876381532006566
PrefabInstance:
  m_ObjectHideFlags: 0
  serializedVersion: 2
  m_Modification:
    m_TransformParent: {fileID: 4648770034333684569}
    m_Modifications:
    - target: {fileID: 8839858786531028039, guid: 81f3b9e7be4f1fe449b29bc506a7113c,
        type: 3}
      propertyPath: m_Name
      value: b3 (19)
      objectReference: {fileID: 0}
    - target: {fileID: 8839858786531028039, guid: 81f3b9e7be4f1fe449b29bc506a7113c,
        type: 3}
      propertyPath: m_IsActive
      value: 1
      objectReference: {fileID: 0}
    - target: {fileID: 8922856119782678864, guid: 81f3b9e7be4f1fe449b29bc506a7113c,
        type: 3}
      propertyPath: m_RootOrder
      value: 0
      objectReference: {fileID: 0}
    - target: {fileID: 8922856119782678864, guid: 81f3b9e7be4f1fe449b29bc506a7113c,
        type: 3}
      propertyPath: m_LocalScale.x
      value: 1.4000001
      objectReference: {fileID: 0}
    - target: {fileID: 8922856119782678864, guid: 81f3b9e7be4f1fe449b29bc506a7113c,
        type: 3}
      propertyPath: m_LocalScale.y
      value: 1.4000002
      objectReference: {fileID: 0}
    - target: {fileID: 8922856119782678864, guid: 81f3b9e7be4f1fe449b29bc506a7113c,
        type: 3}
      propertyPath: m_LocalScale.z
      value: 1.4000002
      objectReference: {fileID: 0}
    - target: {fileID: 8922856119782678864, guid: 81f3b9e7be4f1fe449b29bc506a7113c,
        type: 3}
      propertyPath: m_LocalPosition.x
      value: -0.0679
      objectReference: {fileID: 0}
    - target: {fileID: 8922856119782678864, guid: 81f3b9e7be4f1fe449b29bc506a7113c,
        type: 3}
      propertyPath: m_LocalPosition.y
      value: 0.14839998
      objectReference: {fileID: 0}
    - target: {fileID: 8922856119782678864, guid: 81f3b9e7be4f1fe449b29bc506a7113c,
        type: 3}
      propertyPath: m_LocalPosition.z
      value: 0.028700113
      objectReference: {fileID: 0}
    - target: {fileID: 8922856119782678864, guid: 81f3b9e7be4f1fe449b29bc506a7113c,
        type: 3}
      propertyPath: m_LocalRotation.w
      value: -0.9182496
      objectReference: {fileID: 0}
    - target: {fileID: 8922856119782678864, guid: 81f3b9e7be4f1fe449b29bc506a7113c,
        type: 3}
      propertyPath: m_LocalRotation.x
      value: 0.08887267
      objectReference: {fileID: 0}
    - target: {fileID: 8922856119782678864, guid: 81f3b9e7be4f1fe449b29bc506a7113c,
        type: 3}
      propertyPath: m_LocalRotation.y
      value: 0.35592535
      objectReference: {fileID: 0}
    - target: {fileID: 8922856119782678864, guid: 81f3b9e7be4f1fe449b29bc506a7113c,
        type: 3}
      propertyPath: m_LocalRotation.z
      value: 0.14911921
      objectReference: {fileID: 0}
    - target: {fileID: 8922856119782678864, guid: 81f3b9e7be4f1fe449b29bc506a7113c,
        type: 3}
      propertyPath: m_LocalEulerAnglesHint.x
      value: -15.627001
      objectReference: {fileID: 0}
    - target: {fileID: 8922856119782678864, guid: 81f3b9e7be4f1fe449b29bc506a7113c,
        type: 3}
      propertyPath: m_LocalEulerAnglesHint.y
      value: 319.366
      objectReference: {fileID: 0}
    - target: {fileID: 8922856119782678864, guid: 81f3b9e7be4f1fe449b29bc506a7113c,
        type: 3}
      propertyPath: m_LocalEulerAnglesHint.z
      value: -12.6310005
      objectReference: {fileID: 0}
    m_RemovedComponents: []
  m_SourcePrefab: {fileID: 100100000, guid: 81f3b9e7be4f1fe449b29bc506a7113c, type: 3}
--- !u!4 &8319559304205732342 stripped
Transform:
  m_CorrespondingSourceObject: {fileID: 8922856119782678864, guid: 81f3b9e7be4f1fe449b29bc506a7113c,
    type: 3}
  m_PrefabInstance: {fileID: 621876381532006566}
  m_PrefabAsset: {fileID: 0}
--- !u!1001 &769198909282958974
PrefabInstance:
  m_ObjectHideFlags: 0
  serializedVersion: 2
  m_Modification:
    m_TransformParent: {fileID: 4648770034333684569}
    m_Modifications:
    - target: {fileID: 8839858786531028039, guid: 81f3b9e7be4f1fe449b29bc506a7113c,
        type: 3}
      propertyPath: m_Name
      value: b3 (17)
      objectReference: {fileID: 0}
    - target: {fileID: 8839858786531028039, guid: 81f3b9e7be4f1fe449b29bc506a7113c,
        type: 3}
      propertyPath: m_IsActive
      value: 1
      objectReference: {fileID: 0}
    - target: {fileID: 8922856119782678864, guid: 81f3b9e7be4f1fe449b29bc506a7113c,
        type: 3}
      propertyPath: m_RootOrder
      value: 2
      objectReference: {fileID: 0}
    - target: {fileID: 8922856119782678864, guid: 81f3b9e7be4f1fe449b29bc506a7113c,
        type: 3}
      propertyPath: m_LocalScale.x
      value: 1.4
      objectReference: {fileID: 0}
    - target: {fileID: 8922856119782678864, guid: 81f3b9e7be4f1fe449b29bc506a7113c,
        type: 3}
      propertyPath: m_LocalScale.y
      value: 1.3999999
      objectReference: {fileID: 0}
    - target: {fileID: 8922856119782678864, guid: 81f3b9e7be4f1fe449b29bc506a7113c,
        type: 3}
      propertyPath: m_LocalScale.z
      value: 1.4000001
      objectReference: {fileID: 0}
    - target: {fileID: 8922856119782678864, guid: 81f3b9e7be4f1fe449b29bc506a7113c,
        type: 3}
      propertyPath: m_LocalPosition.x
      value: 0.0371
      objectReference: {fileID: 0}
    - target: {fileID: 8922856119782678864, guid: 81f3b9e7be4f1fe449b29bc506a7113c,
        type: 3}
      propertyPath: m_LocalPosition.y
      value: 0
      objectReference: {fileID: 0}
    - target: {fileID: 8922856119782678864, guid: 81f3b9e7be4f1fe449b29bc506a7113c,
        type: 3}
      propertyPath: m_LocalPosition.z
      value: -0.07070005
      objectReference: {fileID: 0}
    - target: {fileID: 8922856119782678864, guid: 81f3b9e7be4f1fe449b29bc506a7113c,
        type: 3}
      propertyPath: m_LocalRotation.w
      value: 0.5551358
      objectReference: {fileID: 0}
    - target: {fileID: 8922856119782678864, guid: 81f3b9e7be4f1fe449b29bc506a7113c,
        type: 3}
      propertyPath: m_LocalRotation.x
      value: -0.12055308
      objectReference: {fileID: 0}
    - target: {fileID: 8922856119782678864, guid: 81f3b9e7be4f1fe449b29bc506a7113c,
        type: 3}
      propertyPath: m_LocalRotation.y
      value: 0.8104854
      objectReference: {fileID: 0}
    - target: {fileID: 8922856119782678864, guid: 81f3b9e7be4f1fe449b29bc506a7113c,
        type: 3}
      propertyPath: m_LocalRotation.z
      value: 0.14284477
      objectReference: {fileID: 0}
    - target: {fileID: 8922856119782678864, guid: 81f3b9e7be4f1fe449b29bc506a7113c,
        type: 3}
      propertyPath: m_LocalEulerAnglesHint.x
      value: -21.432001
      objectReference: {fileID: 0}
    - target: {fileID: 8922856119782678864, guid: 81f3b9e7be4f1fe449b29bc506a7113c,
        type: 3}
      propertyPath: m_LocalEulerAnglesHint.y
      value: 111.61101
      objectReference: {fileID: 0}
    - target: {fileID: 8922856119782678864, guid: 81f3b9e7be4f1fe449b29bc506a7113c,
        type: 3}
      propertyPath: m_LocalEulerAnglesHint.z
      value: -2.2670002
      objectReference: {fileID: 0}
    m_RemovedComponents: []
  m_SourcePrefab: {fileID: 100100000, guid: 81f3b9e7be4f1fe449b29bc506a7113c, type: 3}
--- !u!4 &8176535849672679214 stripped
Transform:
  m_CorrespondingSourceObject: {fileID: 8922856119782678864, guid: 81f3b9e7be4f1fe449b29bc506a7113c,
    type: 3}
  m_PrefabInstance: {fileID: 769198909282958974}
  m_PrefabAsset: {fileID: 0}
--- !u!1001 &1587838911038458886
PrefabInstance:
  m_ObjectHideFlags: 0
  serializedVersion: 2
  m_Modification:
    m_TransformParent: {fileID: 4648770034333684569}
    m_Modifications:
    - target: {fileID: 8839858786531028039, guid: 81f3b9e7be4f1fe449b29bc506a7113c,
        type: 3}
      propertyPath: m_Name
      value: b3 (15)
      objectReference: {fileID: 0}
    - target: {fileID: 8839858786531028039, guid: 81f3b9e7be4f1fe449b29bc506a7113c,
        type: 3}
      propertyPath: m_IsActive
      value: 1
      objectReference: {fileID: 0}
    - target: {fileID: 8922856119782678864, guid: 81f3b9e7be4f1fe449b29bc506a7113c,
        type: 3}
      propertyPath: m_RootOrder
      value: 4
      objectReference: {fileID: 0}
    - target: {fileID: 8922856119782678864, guid: 81f3b9e7be4f1fe449b29bc506a7113c,
        type: 3}
      propertyPath: m_LocalScale.x
      value: 1.4000003
      objectReference: {fileID: 0}
    - target: {fileID: 8922856119782678864, guid: 81f3b9e7be4f1fe449b29bc506a7113c,
        type: 3}
      propertyPath: m_LocalScale.y
      value: 1.4000001
      objectReference: {fileID: 0}
    - target: {fileID: 8922856119782678864, guid: 81f3b9e7be4f1fe449b29bc506a7113c,
        type: 3}
      propertyPath: m_LocalScale.z
      value: 1.4000001
      objectReference: {fileID: 0}
    - target: {fileID: 8922856119782678864, guid: 81f3b9e7be4f1fe449b29bc506a7113c,
        type: 3}
      propertyPath: m_LocalPosition.x
      value: -0.1169
      objectReference: {fileID: 0}
    - target: {fileID: 8922856119782678864, guid: 81f3b9e7be4f1fe449b29bc506a7113c,
        type: 3}
      propertyPath: m_LocalPosition.y
      value: 0.14839998
      objectReference: {fileID: 0}
    - target: {fileID: 8922856119782678864, guid: 81f3b9e7be4f1fe449b29bc506a7113c,
        type: 3}
      propertyPath: m_LocalPosition.z
      value: 0.018899918
      objectReference: {fileID: 0}
    - target: {fileID: 8922856119782678864, guid: 81f3b9e7be4f1fe449b29bc506a7113c,
        type: 3}
      propertyPath: m_LocalRotation.w
      value: -0.7094535
      objectReference: {fileID: 0}
    - target: {fileID: 8922856119782678864, guid: 81f3b9e7be4f1fe449b29bc506a7113c,
        type: 3}
      propertyPath: m_LocalRotation.x
      value: 0.26145145
      objectReference: {fileID: 0}
    - target: {fileID: 8922856119782678864, guid: 81f3b9e7be4f1fe449b29bc506a7113c,
        type: 3}
      propertyPath: m_LocalRotation.y
      value: 0.64222854
      objectReference: {fileID: 0}
    - target: {fileID: 8922856119782678864, guid: 81f3b9e7be4f1fe449b29bc506a7113c,
        type: 3}
      propertyPath: m_LocalRotation.z
      value: -0.12594159
      objectReference: {fileID: 0}
    - target: {fileID: 8922856119782678864, guid: 81f3b9e7be4f1fe449b29bc506a7113c,
        type: 3}
      propertyPath: m_LocalEulerAnglesHint.x
      value: -12.076
      objectReference: {fileID: 0}
    - target: {fileID: 8922856119782678864, guid: 81f3b9e7be4f1fe449b29bc506a7113c,
        type: 3}
      propertyPath: m_LocalEulerAnglesHint.y
      value: 272.249
      objectReference: {fileID: 0}
    - target: {fileID: 8922856119782678864, guid: 81f3b9e7be4f1fe449b29bc506a7113c,
        type: 3}
      propertyPath: m_LocalEulerAnglesHint.z
      value: 31.747002
      objectReference: {fileID: 0}
    m_RemovedComponents: []
  m_SourcePrefab: {fileID: 100100000, guid: 81f3b9e7be4f1fe449b29bc506a7113c, type: 3}
--- !u!4 &7916617096797924694 stripped
Transform:
  m_CorrespondingSourceObject: {fileID: 8922856119782678864, guid: 81f3b9e7be4f1fe449b29bc506a7113c,
    type: 3}
  m_PrefabInstance: {fileID: 1587838911038458886}
  m_PrefabAsset: {fileID: 0}
--- !u!1001 &3584016314782420948
PrefabInstance:
  m_ObjectHideFlags: 0
  serializedVersion: 2
  m_Modification:
    m_TransformParent: {fileID: 4648770034333684569}
    m_Modifications:
    - target: {fileID: 8839858786531028039, guid: 81f3b9e7be4f1fe449b29bc506a7113c,
        type: 3}
      propertyPath: m_Name
      value: b3 (18)
      objectReference: {fileID: 0}
    - target: {fileID: 8839858786531028039, guid: 81f3b9e7be4f1fe449b29bc506a7113c,
        type: 3}
      propertyPath: m_IsActive
      value: 1
      objectReference: {fileID: 0}
    - target: {fileID: 8922856119782678864, guid: 81f3b9e7be4f1fe449b29bc506a7113c,
        type: 3}
      propertyPath: m_RootOrder
      value: 1
      objectReference: {fileID: 0}
    - target: {fileID: 8922856119782678864, guid: 81f3b9e7be4f1fe449b29bc506a7113c,
        type: 3}
      propertyPath: m_LocalScale.x
      value: 1.3999999
      objectReference: {fileID: 0}
    - target: {fileID: 8922856119782678864, guid: 81f3b9e7be4f1fe449b29bc506a7113c,
        type: 3}
      propertyPath: m_LocalScale.y
      value: 1.3999999
      objectReference: {fileID: 0}
    - target: {fileID: 8922856119782678864, guid: 81f3b9e7be4f1fe449b29bc506a7113c,
        type: 3}
      propertyPath: m_LocalScale.z
      value: 1.4
      objectReference: {fileID: 0}
    - target: {fileID: 8922856119782678864, guid: 81f3b9e7be4f1fe449b29bc506a7113c,
        type: 3}
      propertyPath: m_LocalPosition.x
      value: -0.0077
      objectReference: {fileID: 0}
    - target: {fileID: 8922856119782678864, guid: 81f3b9e7be4f1fe449b29bc506a7113c,
        type: 3}
      propertyPath: m_LocalPosition.y
      value: 0
      objectReference: {fileID: 0}
    - target: {fileID: 8922856119782678864, guid: 81f3b9e7be4f1fe449b29bc506a7113c,
        type: 3}
      propertyPath: m_LocalPosition.z
      value: -0.09590006
      objectReference: {fileID: 0}
    - target: {fileID: 8922856119782678864, guid: 81f3b9e7be4f1fe449b29bc506a7113c,
        type: 3}
      propertyPath: m_LocalRotation.w
      value: 0.18501325
      objectReference: {fileID: 0}
    - target: {fileID: 8922856119782678864, guid: 81f3b9e7be4f1fe449b29bc506a7113c,
        type: 3}
      propertyPath: m_LocalRotation.x
      value: -0.18642282
      objectReference: {fileID: 0}
    - target: {fileID: 8922856119782678864, guid: 81f3b9e7be4f1fe449b29bc506a7113c,
        type: 3}
      propertyPath: m_LocalRotation.y
      value: 0.9539994
      objectReference: {fileID: 0}
    - target: {fileID: 8922856119782678864, guid: 81f3b9e7be4f1fe449b29bc506a7113c,
        type: 3}
      propertyPath: m_LocalRotation.z
      value: 0.14457446
      objectReference: {fileID: 0}
    - target: {fileID: 8922856119782678864, guid: 81f3b9e7be4f1fe449b29bc506a7113c,
        type: 3}
      propertyPath: m_LocalEulerAnglesHint.x
      value: -20.171001
      objectReference: {fileID: 0}
    - target: {fileID: 8922856119782678864, guid: 81f3b9e7be4f1fe449b29bc506a7113c,
        type: 3}
      propertyPath: m_LocalEulerAnglesHint.y
      value: 161.419
      objectReference: {fileID: 0}
    - target: {fileID: 8922856119782678864, guid: 81f3b9e7be4f1fe449b29bc506a7113c,
        type: 3}
      propertyPath: m_LocalEulerAnglesHint.z
      value: -18.781
      objectReference: {fileID: 0}
    m_RemovedComponents: []
  m_SourcePrefab: {fileID: 100100000, guid: 81f3b9e7be4f1fe449b29bc506a7113c, type: 3}
--- !u!4 &5361712948825730692 stripped
Transform:
  m_CorrespondingSourceObject: {fileID: 8922856119782678864, guid: 81f3b9e7be4f1fe449b29bc506a7113c,
    type: 3}
  m_PrefabInstance: {fileID: 3584016314782420948}
  m_PrefabAsset: {fileID: 0}
--- !u!1001 &3645049144080174178
PrefabInstance:
  m_ObjectHideFlags: 0
  serializedVersion: 2
  m_Modification:
    m_TransformParent: {fileID: 4648770034333684569}
    m_Modifications:
    - target: {fileID: 8839858786531028039, guid: 81f3b9e7be4f1fe449b29bc506a7113c,
        type: 3}
      propertyPath: m_Name
      value: b3 (16)
      objectReference: {fileID: 0}
    - target: {fileID: 8839858786531028039, guid: 81f3b9e7be4f1fe449b29bc506a7113c,
        type: 3}
      propertyPath: m_IsActive
      value: 1
      objectReference: {fileID: 0}
    - target: {fileID: 8922856119782678864, guid: 81f3b9e7be4f1fe449b29bc506a7113c,
        type: 3}
      propertyPath: m_RootOrder
      value: 3
      objectReference: {fileID: 0}
    - target: {fileID: 8922856119782678864, guid: 81f3b9e7be4f1fe449b29bc506a7113c,
        type: 3}
      propertyPath: m_LocalScale.x
      value: 1.4000002
      objectReference: {fileID: 0}
    - target: {fileID: 8922856119782678864, guid: 81f3b9e7be4f1fe449b29bc506a7113c,
        type: 3}
      propertyPath: m_LocalScale.y
      value: 1.4000001
      objectReference: {fileID: 0}
    - target: {fileID: 8922856119782678864, guid: 81f3b9e7be4f1fe449b29bc506a7113c,
        type: 3}
      propertyPath: m_LocalScale.z
      value: 1.4000001
      objectReference: {fileID: 0}
    - target: {fileID: 8922856119782678864, guid: 81f3b9e7be4f1fe449b29bc506a7113c,
        type: 3}
      propertyPath: m_LocalPosition.x
      value: 0.0161
      objectReference: {fileID: 0}
    - target: {fileID: 8922856119782678864, guid: 81f3b9e7be4f1fe449b29bc506a7113c,
        type: 3}
      propertyPath: m_LocalPosition.y
      value: 0
      objectReference: {fileID: 0}
    - target: {fileID: 8922856119782678864, guid: 81f3b9e7be4f1fe449b29bc506a7113c,
        type: 3}
      propertyPath: m_LocalPosition.z
      value: 0.04550004
      objectReference: {fileID: 0}
    - target: {fileID: 8922856119782678864, guid: 81f3b9e7be4f1fe449b29bc506a7113c,
        type: 3}
      propertyPath: m_LocalRotation.w
      value: 0.976711
      objectReference: {fileID: 0}
    - target: {fileID: 8922856119782678864, guid: 81f3b9e7be4f1fe449b29bc506a7113c,
        type: 3}
      propertyPath: m_LocalRotation.x
      value: -0.07219477
      objectReference: {fileID: 0}
    - target: {fileID: 8922856119782678864, guid: 81f3b9e7be4f1fe449b29bc506a7113c,
        type: 3}
      propertyPath: m_LocalRotation.y
      value: 0.17130202
      objectReference: {fileID: 0}
    - target: {fileID: 8922856119782678864, guid: 81f3b9e7be4f1fe449b29bc506a7113c,
        type: 3}
      propertyPath: m_LocalRotation.z
      value: 0.10714114
      objectReference: {fileID: 0}
    - target: {fileID: 8922856119782678864, guid: 81f3b9e7be4f1fe449b29bc506a7113c,
        type: 3}
      propertyPath: m_LocalEulerAnglesHint.x
      value: -10.238001
      objectReference: {fileID: 0}
    - target: {fileID: 8922856119782678864, guid: 81f3b9e7be4f1fe449b29bc506a7113c,
        type: 3}
      propertyPath: m_LocalEulerAnglesHint.y
      value: 18.924002
      objectReference: {fileID: 0}
    - target: {fileID: 8922856119782678864, guid: 81f3b9e7be4f1fe449b29bc506a7113c,
        type: 3}
      propertyPath: m_LocalEulerAnglesHint.z
      value: 10.809001
      objectReference: {fileID: 0}
    m_RemovedComponents: []
  m_SourcePrefab: {fileID: 100100000, guid: 81f3b9e7be4f1fe449b29bc506a7113c, type: 3}
--- !u!4 &5278652794489580850 stripped
Transform:
  m_CorrespondingSourceObject: {fileID: 8922856119782678864, guid: 81f3b9e7be4f1fe449b29bc506a7113c,
    type: 3}
  m_PrefabInstance: {fileID: 3645049144080174178}
  m_PrefabAsset: {fileID: 0}
--- !u!1001 &4642449155757224096
PrefabInstance:
  m_ObjectHideFlags: 0
  serializedVersion: 2
  m_Modification:
    m_TransformParent: {fileID: 4648770034333684569}
    m_Modifications:
    - target: {fileID: 8839858786531028039, guid: 81f3b9e7be4f1fe449b29bc506a7113c,
        type: 3}
      propertyPath: m_Name
      value: b3 (13)
      objectReference: {fileID: 0}
    - target: {fileID: 8839858786531028039, guid: 81f3b9e7be4f1fe449b29bc506a7113c,
        type: 3}
      propertyPath: m_IsActive
      value: 1
      objectReference: {fileID: 0}
    - target: {fileID: 8922856119782678864, guid: 81f3b9e7be4f1fe449b29bc506a7113c,
        type: 3}
      propertyPath: m_RootOrder
      value: 6
      objectReference: {fileID: 0}
    - target: {fileID: 8922856119782678864, guid: 81f3b9e7be4f1fe449b29bc506a7113c,
        type: 3}
      propertyPath: m_LocalScale.x
      value: 1.4000001
      objectReference: {fileID: 0}
    - target: {fileID: 8922856119782678864, guid: 81f3b9e7be4f1fe449b29bc506a7113c,
        type: 3}
      propertyPath: m_LocalScale.y
      value: 1.4000003
      objectReference: {fileID: 0}
    - target: {fileID: 8922856119782678864, guid: 81f3b9e7be4f1fe449b29bc506a7113c,
        type: 3}
      propertyPath: m_LocalScale.z
      value: 1.4000001
      objectReference: {fileID: 0}
    - target: {fileID: 8922856119782678864, guid: 81f3b9e7be4f1fe449b29bc506a7113c,
        type: 3}
      propertyPath: m_LocalPosition.x
      value: 0.0833
      objectReference: {fileID: 0}
    - target: {fileID: 8922856119782678864, guid: 81f3b9e7be4f1fe449b29bc506a7113c,
        type: 3}
      propertyPath: m_LocalPosition.y
      value: 0
      objectReference: {fileID: 0}
    - target: {fileID: 8922856119782678864, guid: 81f3b9e7be4f1fe449b29bc506a7113c,
        type: 3}
      propertyPath: m_LocalPosition.z
      value: 0.05250001
      objectReference: {fileID: 0}
    - target: {fileID: 8922856119782678864, guid: 81f3b9e7be4f1fe449b29bc506a7113c,
        type: 3}
      propertyPath: m_LocalRotation.w
      value: 0.84936327
      objectReference: {fileID: 0}
    - target: {fileID: 8922856119782678864, guid: 81f3b9e7be4f1fe449b29bc506a7113c,
        type: 3}
      propertyPath: m_LocalRotation.x
      value: -0.23581453
      objectReference: {fileID: 0}
    - target: {fileID: 8922856119782678864, guid: 81f3b9e7be4f1fe449b29bc506a7113c,
        type: 3}
      propertyPath: m_LocalRotation.y
      value: 0.47203174
      objectReference: {fileID: 0}
    - target: {fileID: 8922856119782678864, guid: 81f3b9e7be4f1fe449b29bc506a7113c,
        type: 3}
      propertyPath: m_LocalRotation.z
      value: 0.01263437
      objectReference: {fileID: 0}
    - target: {fileID: 8922856119782678864, guid: 81f3b9e7be4f1fe449b29bc506a7113c,
        type: 3}
      propertyPath: m_LocalEulerAnglesHint.x
      value: -24.363
      objectReference: {fileID: 0}
    - target: {fileID: 8922856119782678864, guid: 81f3b9e7be4f1fe449b29bc506a7113c,
        type: 3}
      propertyPath: m_LocalEulerAnglesHint.y
      value: 60.891003
      objectReference: {fileID: 0}
    - target: {fileID: 8922856119782678864, guid: 81f3b9e7be4f1fe449b29bc506a7113c,
        type: 3}
      propertyPath: m_LocalEulerAnglesHint.z
      value: -12.758
      objectReference: {fileID: 0}
    m_RemovedComponents: []
  m_SourcePrefab: {fileID: 100100000, guid: 81f3b9e7be4f1fe449b29bc506a7113c, type: 3}
--- !u!4 &4303489286510580208 stripped
Transform:
  m_CorrespondingSourceObject: {fileID: 8922856119782678864, guid: 81f3b9e7be4f1fe449b29bc506a7113c,
    type: 3}
  m_PrefabInstance: {fileID: 4642449155757224096}
  m_PrefabAsset: {fileID: 0}
--- !u!1001 &4648770033085427293
PrefabInstance:
  m_ObjectHideFlags: 0
  serializedVersion: 2
  m_Modification:
    m_TransformParent: {fileID: 4648770034333684569}
    m_Modifications:
    - target: {fileID: 8839858786531028039, guid: 81f3b9e7be4f1fe449b29bc506a7113c,
        type: 3}
      propertyPath: m_Name
      value: b3 (1)
      objectReference: {fileID: 0}
    - target: {fileID: 8839858786531028039, guid: 81f3b9e7be4f1fe449b29bc506a7113c,
        type: 3}
      propertyPath: m_IsActive
      value: 1
      objectReference: {fileID: 0}
    - target: {fileID: 8922856119782678864, guid: 81f3b9e7be4f1fe449b29bc506a7113c,
        type: 3}
      propertyPath: m_RootOrder
      value: 21
      objectReference: {fileID: 0}
    - target: {fileID: 8922856119782678864, guid: 81f3b9e7be4f1fe449b29bc506a7113c,
        type: 3}
      propertyPath: m_LocalScale.x
      value: 1.4000001
      objectReference: {fileID: 0}
    - target: {fileID: 8922856119782678864, guid: 81f3b9e7be4f1fe449b29bc506a7113c,
        type: 3}
      propertyPath: m_LocalScale.y
      value: 1.4000003
      objectReference: {fileID: 0}
    - target: {fileID: 8922856119782678864, guid: 81f3b9e7be4f1fe449b29bc506a7113c,
        type: 3}
      propertyPath: m_LocalScale.z
      value: 1.4000001
      objectReference: {fileID: 0}
    - target: {fileID: 8922856119782678864, guid: 81f3b9e7be4f1fe449b29bc506a7113c,
        type: 3}
      propertyPath: m_LocalPosition.x
      value: 0.14909999
      objectReference: {fileID: 0}
    - target: {fileID: 8922856119782678864, guid: 81f3b9e7be4f1fe449b29bc506a7113c,
        type: 3}
      propertyPath: m_LocalPosition.y
      value: 0.105000004
      objectReference: {fileID: 0}
    - target: {fileID: 8922856119782678864, guid: 81f3b9e7be4f1fe449b29bc506a7113c,
        type: 3}
      propertyPath: m_LocalPosition.z
      value: 0.04550004
      objectReference: {fileID: 0}
    - target: {fileID: 8922856119782678864, guid: 81f3b9e7be4f1fe449b29bc506a7113c,
        type: 3}
      propertyPath: m_LocalRotation.w
      value: 0.88153064
      objectReference: {fileID: 0}
    - target: {fileID: 8922856119782678864, guid: 81f3b9e7be4f1fe449b29bc506a7113c,
        type: 3}
      propertyPath: m_LocalRotation.x
      value: -0.3232079
      objectReference: {fileID: 0}
    - target: {fileID: 8922856119782678864, guid: 81f3b9e7be4f1fe449b29bc506a7113c,
        type: 3}
      propertyPath: m_LocalRotation.y
      value: 0.34414825
      objectReference: {fileID: 0}
    - target: {fileID: 8922856119782678864, guid: 81f3b9e7be4f1fe449b29bc506a7113c,
        type: 3}
      propertyPath: m_LocalRotation.z
      value: 0.0015347599
      objectReference: {fileID: 0}
    - target: {fileID: 8922856119782678864, guid: 81f3b9e7be4f1fe449b29bc506a7113c,
        type: 3}
      propertyPath: m_LocalEulerAnglesHint.x
      value: -34.812
      objectReference: {fileID: 0}
    - target: {fileID: 8922856119782678864, guid: 81f3b9e7be4f1fe449b29bc506a7113c,
        type: 3}
      propertyPath: m_LocalEulerAnglesHint.y
      value: 47.545002
      objectReference: {fileID: 0}
    - target: {fileID: 8922856119782678864, guid: 81f3b9e7be4f1fe449b29bc506a7113c,
        type: 3}
      propertyPath: m_LocalEulerAnglesHint.z
      value: -15.525001
      objectReference: {fileID: 0}
    m_RemovedComponents: []
  m_SourcePrefab: {fileID: 100100000, guid: 81f3b9e7be4f1fe449b29bc506a7113c, type: 3}
--- !u!4 &4276139166965206797 stripped
Transform:
  m_CorrespondingSourceObject: {fileID: 8922856119782678864, guid: 81f3b9e7be4f1fe449b29bc506a7113c,
    type: 3}
  m_PrefabInstance: {fileID: 4648770033085427293}
  m_PrefabAsset: {fileID: 0}
--- !u!1001 &4648770033110774668
PrefabInstance:
  m_ObjectHideFlags: 0
  serializedVersion: 2
  m_Modification:
    m_TransformParent: {fileID: 4648770034333684569}
    m_Modifications:
    - target: {fileID: 8839858786531028039, guid: 81f3b9e7be4f1fe449b29bc506a7113c,
        type: 3}
      propertyPath: m_Name
      value: b3 (9)
      objectReference: {fileID: 0}
    - target: {fileID: 8839858786531028039, guid: 81f3b9e7be4f1fe449b29bc506a7113c,
        type: 3}
      propertyPath: m_IsActive
      value: 1
      objectReference: {fileID: 0}
    - target: {fileID: 8922856119782678864, guid: 81f3b9e7be4f1fe449b29bc506a7113c,
        type: 3}
      propertyPath: m_RootOrder
      value: 13
      objectReference: {fileID: 0}
    - target: {fileID: 8922856119782678864, guid: 81f3b9e7be4f1fe449b29bc506a7113c,
        type: 3}
      propertyPath: m_LocalScale.x
      value: 1.4
      objectReference: {fileID: 0}
    - target: {fileID: 8922856119782678864, guid: 81f3b9e7be4f1fe449b29bc506a7113c,
        type: 3}
      propertyPath: m_LocalScale.y
      value: 1.4000003
      objectReference: {fileID: 0}
    - target: {fileID: 8922856119782678864, guid: 81f3b9e7be4f1fe449b29bc506a7113c,
        type: 3}
      propertyPath: m_LocalScale.z
      value: 1.4000001
      objectReference: {fileID: 0}
    - target: {fileID: 8922856119782678864, guid: 81f3b9e7be4f1fe449b29bc506a7113c,
        type: 3}
      propertyPath: m_LocalPosition.x
      value: 0.1526
      objectReference: {fileID: 0}
    - target: {fileID: 8922856119782678864, guid: 81f3b9e7be4f1fe449b29bc506a7113c,
        type: 3}
      propertyPath: m_LocalPosition.y
      value: 0.2534
      objectReference: {fileID: 0}
    - target: {fileID: 8922856119782678864, guid: 81f3b9e7be4f1fe449b29bc506a7113c,
        type: 3}
      propertyPath: m_LocalPosition.z
      value: 0.0315001
      objectReference: {fileID: 0}
    - target: {fileID: 8922856119782678864, guid: 81f3b9e7be4f1fe449b29bc506a7113c,
        type: 3}
      propertyPath: m_LocalRotation.w
      value: -0.73514867
      objectReference: {fileID: 0}
    - target: {fileID: 8922856119782678864, guid: 81f3b9e7be4f1fe449b29bc506a7113c,
        type: 3}
      propertyPath: m_LocalRotation.x
      value: 0.2403182
      objectReference: {fileID: 0}
    - target: {fileID: 8922856119782678864, guid: 81f3b9e7be4f1fe449b29bc506a7113c,
        type: 3}
      propertyPath: m_LocalRotation.y
      value: -0.55691004
      objectReference: {fileID: 0}
    - target: {fileID: 8922856119782678864, guid: 81f3b9e7be4f1fe449b29bc506a7113c,
        type: 3}
      propertyPath: m_LocalRotation.z
      value: -0.30274546
      objectReference: {fileID: 0}
    - target: {fileID: 8922856119782678864, guid: 81f3b9e7be4f1fe449b29bc506a7113c,
        type: 3}
      propertyPath: m_LocalEulerAnglesHint.x
      value: -43.673
      objectReference: {fileID: 0}
    - target: {fileID: 8922856119782678864, guid: 81f3b9e7be4f1fe449b29bc506a7113c,
        type: 3}
      propertyPath: m_LocalEulerAnglesHint.y
      value: 428.576
      objectReference: {fileID: 0}
    - target: {fileID: 8922856119782678864, guid: 81f3b9e7be4f1fe449b29bc506a7113c,
        type: 3}
      propertyPath: m_LocalEulerAnglesHint.z
      value: 14.202001
      objectReference: {fileID: 0}
    m_RemovedComponents: []
  m_SourcePrefab: {fileID: 100100000, guid: 81f3b9e7be4f1fe449b29bc506a7113c, type: 3}
--- !u!4 &4276139167007462108 stripped
Transform:
  m_CorrespondingSourceObject: {fileID: 8922856119782678864, guid: 81f3b9e7be4f1fe449b29bc506a7113c,
    type: 3}
  m_PrefabInstance: {fileID: 4648770033110774668}
  m_PrefabAsset: {fileID: 0}
--- !u!1001 &4648770033193480200
PrefabInstance:
  m_ObjectHideFlags: 0
  serializedVersion: 2
  m_Modification:
    m_TransformParent: {fileID: 4648770034333684569}
    m_Modifications:
    - target: {fileID: 8839858786531028039, guid: 81f3b9e7be4f1fe449b29bc506a7113c,
        type: 3}
      propertyPath: m_Name
      value: b3 (12)
      objectReference: {fileID: 0}
    - target: {fileID: 8839858786531028039, guid: 81f3b9e7be4f1fe449b29bc506a7113c,
        type: 3}
      propertyPath: m_IsActive
      value: 1
      objectReference: {fileID: 0}
    - target: {fileID: 8922856119782678864, guid: 81f3b9e7be4f1fe449b29bc506a7113c,
        type: 3}
      propertyPath: m_RootOrder
      value: 10
      objectReference: {fileID: 0}
    - target: {fileID: 8922856119782678864, guid: 81f3b9e7be4f1fe449b29bc506a7113c,
        type: 3}
      propertyPath: m_LocalScale.x
      value: 1.4000002
      objectReference: {fileID: 0}
    - target: {fileID: 8922856119782678864, guid: 81f3b9e7be4f1fe449b29bc506a7113c,
        type: 3}
      propertyPath: m_LocalScale.y
      value: 1.4000001
      objectReference: {fileID: 0}
    - target: {fileID: 8922856119782678864, guid: 81f3b9e7be4f1fe449b29bc506a7113c,
        type: 3}
      propertyPath: m_LocalScale.z
      value: 1.3999999
      objectReference: {fileID: 0}
    - target: {fileID: 8922856119782678864, guid: 81f3b9e7be4f1fe449b29bc506a7113c,
        type: 3}
      propertyPath: m_LocalPosition.x
      value: 0.17570001
      objectReference: {fileID: 0}
    - target: {fileID: 8922856119782678864, guid: 81f3b9e7be4f1fe449b29bc506a7113c,
        type: 3}
      propertyPath: m_LocalPosition.y
      value: 0.2534
      objectReference: {fileID: 0}
    - target: {fileID: 8922856119782678864, guid: 81f3b9e7be4f1fe449b29bc506a7113c,
        type: 3}
      propertyPath: m_LocalPosition.z
      value: -0.03219998
      objectReference: {fileID: 0}
    - target: {fileID: 8922856119782678864, guid: 81f3b9e7be4f1fe449b29bc506a7113c,
        type: 3}
      propertyPath: m_LocalRotation.w
      value: -0.481441
      objectReference: {fileID: 0}
    - target: {fileID: 8922856119782678864, guid: 81f3b9e7be4f1fe449b29bc506a7113c,
        type: 3}
      propertyPath: m_LocalRotation.x
      value: 0.23465511
      objectReference: {fileID: 0}
    - target: {fileID: 8922856119782678864, guid: 81f3b9e7be4f1fe449b29bc506a7113c,
        type: 3}
      propertyPath: m_LocalRotation.y
      value: -0.7854599
      objectReference: {fileID: 0}
    - target: {fileID: 8922856119782678864, guid: 81f3b9e7be4f1fe449b29bc506a7113c,
        type: 3}
      propertyPath: m_LocalRotation.z
      value: -0.31016833
      objectReference: {fileID: 0}
    - target: {fileID: 8922856119782678864, guid: 81f3b9e7be4f1fe449b29bc506a7113c,
        type: 3}
      propertyPath: m_LocalEulerAnglesHint.x
      value: -45.495003
      objectReference: {fileID: 0}
    - target: {fileID: 8922856119782678864, guid: 81f3b9e7be4f1fe449b29bc506a7113c,
        type: 3}
      propertyPath: m_LocalEulerAnglesHint.y
      value: 479.392
      objectReference: {fileID: 0}
    - target: {fileID: 8922856119782678864, guid: 81f3b9e7be4f1fe449b29bc506a7113c,
        type: 3}
      propertyPath: m_LocalEulerAnglesHint.z
      value: -5.729
      objectReference: {fileID: 0}
    m_RemovedComponents: []
  m_SourcePrefab: {fileID: 100100000, guid: 81f3b9e7be4f1fe449b29bc506a7113c, type: 3}
--- !u!4 &4276139167071293784 stripped
Transform:
  m_CorrespondingSourceObject: {fileID: 8922856119782678864, guid: 81f3b9e7be4f1fe449b29bc506a7113c,
    type: 3}
  m_PrefabInstance: {fileID: 4648770033193480200}
  m_PrefabAsset: {fileID: 0}
--- !u!1001 &4648770033441389636
PrefabInstance:
  m_ObjectHideFlags: 0
  serializedVersion: 2
  m_Modification:
    m_TransformParent: {fileID: 4648770034333684569}
    m_Modifications:
    - target: {fileID: 8839858786531028039, guid: 81f3b9e7be4f1fe449b29bc506a7113c,
        type: 3}
      propertyPath: m_Name
      value: b3 (4)
      objectReference: {fileID: 0}
    - target: {fileID: 8839858786531028039, guid: 81f3b9e7be4f1fe449b29bc506a7113c,
        type: 3}
      propertyPath: m_IsActive
      value: 1
      objectReference: {fileID: 0}
    - target: {fileID: 8922856119782678864, guid: 81f3b9e7be4f1fe449b29bc506a7113c,
        type: 3}
      propertyPath: m_RootOrder
      value: 18
      objectReference: {fileID: 0}
    - target: {fileID: 8922856119782678864, guid: 81f3b9e7be4f1fe449b29bc506a7113c,
        type: 3}
      propertyPath: m_LocalScale.x
      value: 1.3999997
      objectReference: {fileID: 0}
    - target: {fileID: 8922856119782678864, guid: 81f3b9e7be4f1fe449b29bc506a7113c,
        type: 3}
      propertyPath: m_LocalScale.y
      value: 1.4000001
      objectReference: {fileID: 0}
    - target: {fileID: 8922856119782678864, guid: 81f3b9e7be4f1fe449b29bc506a7113c,
        type: 3}
      propertyPath: m_LocalScale.z
      value: 1.3999999
      objectReference: {fileID: 0}
    - target: {fileID: 8922856119782678864, guid: 81f3b9e7be4f1fe449b29bc506a7113c,
        type: 3}
      propertyPath: m_LocalPosition.x
      value: -0.09379999
      objectReference: {fileID: 0}
    - target: {fileID: 8922856119782678864, guid: 81f3b9e7be4f1fe449b29bc506a7113c,
        type: 3}
      propertyPath: m_LocalPosition.y
      value: 0.105000004
      objectReference: {fileID: 0}
    - target: {fileID: 8922856119782678864, guid: 81f3b9e7be4f1fe449b29bc506a7113c,
        type: 3}
      propertyPath: m_LocalPosition.z
      value: -0.087499976
      objectReference: {fileID: 0}
    - target: {fileID: 8922856119782678864, guid: 81f3b9e7be4f1fe449b29bc506a7113c,
        type: 3}
      propertyPath: m_LocalRotation.w
      value: -0.17277293
      objectReference: {fileID: 0}
    - target: {fileID: 8922856119782678864, guid: 81f3b9e7be4f1fe449b29bc506a7113c,
        type: 3}
      propertyPath: m_LocalRotation.x
      value: 0.04126724
      objectReference: {fileID: 0}
    - target: {fileID: 8922856119782678864, guid: 81f3b9e7be4f1fe449b29bc506a7113c,
        type: 3}
      propertyPath: m_LocalRotation.y
      value: 0.9562818
      objectReference: {fileID: 0}
    - target: {fileID: 8922856119782678864, guid: 81f3b9e7be4f1fe449b29bc506a7113c,
        type: 3}
      propertyPath: m_LocalRotation.z
      value: 0.23231831
      objectReference: {fileID: 0}
    - target: {fileID: 8922856119782678864, guid: 81f3b9e7be4f1fe449b29bc506a7113c,
        type: 3}
      propertyPath: m_LocalEulerAnglesHint.x
      value: -27.296001
      objectReference: {fileID: 0}
    - target: {fileID: 8922856119782678864, guid: 81f3b9e7be4f1fe449b29bc506a7113c,
        type: 3}
      propertyPath: m_LocalEulerAnglesHint.y
      value: 200.504
      objectReference: {fileID: 0}
    - target: {fileID: 8922856119782678864, guid: 81f3b9e7be4f1fe449b29bc506a7113c,
        type: 3}
      propertyPath: m_LocalEulerAnglesHint.z
      value: -0.087000005
      objectReference: {fileID: 0}
    m_RemovedComponents: []
  m_SourcePrefab: {fileID: 100100000, guid: 81f3b9e7be4f1fe449b29bc506a7113c, type: 3}
--- !u!4 &4276139166750743828 stripped
Transform:
  m_CorrespondingSourceObject: {fileID: 8922856119782678864, guid: 81f3b9e7be4f1fe449b29bc506a7113c,
    type: 3}
  m_PrefabInstance: {fileID: 4648770033441389636}
  m_PrefabAsset: {fileID: 0}
--- !u!1001 &4648770033517068343
PrefabInstance:
  m_ObjectHideFlags: 0
  serializedVersion: 2
  m_Modification:
    m_TransformParent: {fileID: 4648770034333684569}
    m_Modifications:
    - target: {fileID: 8839858786531028039, guid: 81f3b9e7be4f1fe449b29bc506a7113c,
        type: 3}
      propertyPath: m_Name
      value: b3 (6)
      objectReference: {fileID: 0}
    - target: {fileID: 8839858786531028039, guid: 81f3b9e7be4f1fe449b29bc506a7113c,
        type: 3}
      propertyPath: m_IsActive
      value: 1
      objectReference: {fileID: 0}
    - target: {fileID: 8922856119782678864, guid: 81f3b9e7be4f1fe449b29bc506a7113c,
        type: 3}
      propertyPath: m_RootOrder
      value: 16
      objectReference: {fileID: 0}
    - target: {fileID: 8922856119782678864, guid: 81f3b9e7be4f1fe449b29bc506a7113c,
        type: 3}
      propertyPath: m_LocalScale.x
      value: 1.4000002
      objectReference: {fileID: 0}
    - target: {fileID: 8922856119782678864, guid: 81f3b9e7be4f1fe449b29bc506a7113c,
        type: 3}
      propertyPath: m_LocalScale.y
      value: 1.4000001
      objectReference: {fileID: 0}
    - target: {fileID: 8922856119782678864, guid: 81f3b9e7be4f1fe449b29bc506a7113c,
        type: 3}
      propertyPath: m_LocalScale.z
      value: 1.4000002
      objectReference: {fileID: 0}
    - target: {fileID: 8922856119782678864, guid: 81f3b9e7be4f1fe449b29bc506a7113c,
        type: 3}
      propertyPath: m_LocalPosition.x
      value: -0.1078
      objectReference: {fileID: 0}
    - target: {fileID: 8922856119782678864, guid: 81f3b9e7be4f1fe449b29bc506a7113c,
        type: 3}
      propertyPath: m_LocalPosition.y
      value: 0.2534
      objectReference: {fileID: 0}
    - target: {fileID: 8922856119782678864, guid: 81f3b9e7be4f1fe449b29bc506a7113c,
        type: 3}
      propertyPath: m_LocalPosition.z
      value: 0.101500034
      objectReference: {fileID: 0}
    - target: {fileID: 8922856119782678864, guid: 81f3b9e7be4f1fe449b29bc506a7113c,
        type: 3}
      propertyPath: m_LocalRotation.w
      value: -0.84619266
      objectReference: {fileID: 0}
    - target: {fileID: 8922856119782678864, guid: 81f3b9e7be4f1fe449b29bc506a7113c,
        type: 3}
      propertyPath: m_LocalRotation.x
      value: 0.14327523
      objectReference: {fileID: 0}
    - target: {fileID: 8922856119782678864, guid: 81f3b9e7be4f1fe449b29bc506a7113c,
        type: 3}
      propertyPath: m_LocalRotation.y
      value: 0.4676319
      objectReference: {fileID: 0}
    - target: {fileID: 8922856119782678864, guid: 81f3b9e7be4f1fe449b29bc506a7113c,
        type: 3}
      propertyPath: m_LocalRotation.z
      value: 0.21154355
      objectReference: {fileID: 0}
    - target: {fileID: 8922856119782678864, guid: 81f3b9e7be4f1fe449b29bc506a7113c,
        type: 3}
      propertyPath: m_LocalEulerAnglesHint.x
      value: -26.125002
      objectReference: {fileID: 0}
    - target: {fileID: 8922856119782678864, guid: 81f3b9e7be4f1fe449b29bc506a7113c,
        type: 3}
      propertyPath: m_LocalEulerAnglesHint.y
      value: 305.516
      objectReference: {fileID: 0}
    - target: {fileID: 8922856119782678864, guid: 81f3b9e7be4f1fe449b29bc506a7113c,
        type: 3}
      propertyPath: m_LocalEulerAnglesHint.z
      value: -14.448001
      objectReference: {fileID: 0}
    m_RemovedComponents: []
  m_SourcePrefab: {fileID: 100100000, guid: 81f3b9e7be4f1fe449b29bc506a7113c, type: 3}
--- !u!4 &4276139166608466279 stripped
Transform:
  m_CorrespondingSourceObject: {fileID: 8922856119782678864, guid: 81f3b9e7be4f1fe449b29bc506a7113c,
    type: 3}
  m_PrefabInstance: {fileID: 4648770033517068343}
  m_PrefabAsset: {fileID: 0}
--- !u!1001 &4648770033807588684
PrefabInstance:
  m_ObjectHideFlags: 0
  serializedVersion: 2
  m_Modification:
    m_TransformParent: {fileID: 4648770034333684569}
    m_Modifications:
    - target: {fileID: 8839858786531028039, guid: 81f3b9e7be4f1fe449b29bc506a7113c,
        type: 3}
      propertyPath: m_Name
      value: b3 (3)
      objectReference: {fileID: 0}
    - target: {fileID: 8839858786531028039, guid: 81f3b9e7be4f1fe449b29bc506a7113c,
        type: 3}
      propertyPath: m_IsActive
      value: 1
      objectReference: {fileID: 0}
    - target: {fileID: 8922856119782678864, guid: 81f3b9e7be4f1fe449b29bc506a7113c,
        type: 3}
      propertyPath: m_RootOrder
      value: 19
      objectReference: {fileID: 0}
    - target: {fileID: 8922856119782678864, guid: 81f3b9e7be4f1fe449b29bc506a7113c,
        type: 3}
      propertyPath: m_LocalScale.x
      value: 1.4
      objectReference: {fileID: 0}
    - target: {fileID: 8922856119782678864, guid: 81f3b9e7be4f1fe449b29bc506a7113c,
        type: 3}
      propertyPath: m_LocalScale.y
      value: 1.4
      objectReference: {fileID: 0}
    - target: {fileID: 8922856119782678864, guid: 81f3b9e7be4f1fe449b29bc506a7113c,
        type: 3}
      propertyPath: m_LocalScale.z
      value: 1.4000001
      objectReference: {fileID: 0}
    - target: {fileID: 8922856119782678864, guid: 81f3b9e7be4f1fe449b29bc506a7113c,
        type: 3}
      propertyPath: m_LocalPosition.x
      value: 0.0476
      objectReference: {fileID: 0}
    - target: {fileID: 8922856119782678864, guid: 81f3b9e7be4f1fe449b29bc506a7113c,
        type: 3}
      propertyPath: m_LocalPosition.y
      value: 0.105000004
      objectReference: {fileID: 0}
    - target: {fileID: 8922856119782678864, guid: 81f3b9e7be4f1fe449b29bc506a7113c,
        type: 3}
      propertyPath: m_LocalPosition.z
      value: -0.13230002
      objectReference: {fileID: 0}
    - target: {fileID: 8922856119782678864, guid: 81f3b9e7be4f1fe449b29bc506a7113c,
        type: 3}
      propertyPath: m_LocalRotation.w
      value: 0.30002332
      objectReference: {fileID: 0}
    - target: {fileID: 8922856119782678864, guid: 81f3b9e7be4f1fe449b29bc506a7113c,
        type: 3}
      propertyPath: m_LocalRotation.x
      value: -0.24214968
      objectReference: {fileID: 0}
    - target: {fileID: 8922856119782678864, guid: 81f3b9e7be4f1fe449b29bc506a7113c,
        type: 3}
      propertyPath: m_LocalRotation.y
      value: 0.90136236
      objectReference: {fileID: 0}
    - target: {fileID: 8922856119782678864, guid: 81f3b9e7be4f1fe449b29bc506a7113c,
        type: 3}
      propertyPath: m_LocalRotation.z
      value: 0.19721946
      objectReference: {fileID: 0}
    - target: {fileID: 8922856119782678864, guid: 81f3b9e7be4f1fe449b29bc506a7113c,
        type: 3}
      propertyPath: m_LocalEulerAnglesHint.x
      value: -30.055002
      objectReference: {fileID: 0}
    - target: {fileID: 8922856119782678864, guid: 81f3b9e7be4f1fe449b29bc506a7113c,
        type: 3}
      propertyPath: m_LocalEulerAnglesHint.y
      value: 149.03401
      objectReference: {fileID: 0}
    - target: {fileID: 8922856119782678864, guid: 81f3b9e7be4f1fe449b29bc506a7113c,
        type: 3}
      propertyPath: m_LocalEulerAnglesHint.z
      value: -21.569
      objectReference: {fileID: 0}
    m_RemovedComponents: []
  m_SourcePrefab: {fileID: 100100000, guid: 81f3b9e7be4f1fe449b29bc506a7113c, type: 3}
--- !u!4 &4276139167383411740 stripped
Transform:
  m_CorrespondingSourceObject: {fileID: 8922856119782678864, guid: 81f3b9e7be4f1fe449b29bc506a7113c,
    type: 3}
  m_PrefabInstance: {fileID: 4648770033807588684}
  m_PrefabAsset: {fileID: 0}
--- !u!1001 &4648770033929617581
PrefabInstance:
  m_ObjectHideFlags: 0
  serializedVersion: 2
  m_Modification:
    m_TransformParent: {fileID: 4648770034333684569}
    m_Modifications:
    - target: {fileID: 8839858786531028039, guid: 81f3b9e7be4f1fe449b29bc506a7113c,
        type: 3}
      propertyPath: m_Name
      value: b3 (7)
      objectReference: {fileID: 0}
    - target: {fileID: 8839858786531028039, guid: 81f3b9e7be4f1fe449b29bc506a7113c,
        type: 3}
      propertyPath: m_IsActive
      value: 1
      objectReference: {fileID: 0}
    - target: {fileID: 8922856119782678864, guid: 81f3b9e7be4f1fe449b29bc506a7113c,
        type: 3}
      propertyPath: m_RootOrder
      value: 15
      objectReference: {fileID: 0}
    - target: {fileID: 8922856119782678864, guid: 81f3b9e7be4f1fe449b29bc506a7113c,
        type: 3}
      propertyPath: m_LocalScale.x
      value: 1.4000002
      objectReference: {fileID: 0}
    - target: {fileID: 8922856119782678864, guid: 81f3b9e7be4f1fe449b29bc506a7113c,
        type: 3}
      propertyPath: m_LocalScale.y
      value: 1.4000001
      objectReference: {fileID: 0}
    - target: {fileID: 8922856119782678864, guid: 81f3b9e7be4f1fe449b29bc506a7113c,
        type: 3}
      propertyPath: m_LocalScale.z
      value: 1.4
      objectReference: {fileID: 0}
    - target: {fileID: 8922856119782678864, guid: 81f3b9e7be4f1fe449b29bc506a7113c,
        type: 3}
      propertyPath: m_LocalPosition.x
      value: -0.021
      objectReference: {fileID: 0}
    - target: {fileID: 8922856119782678864, guid: 81f3b9e7be4f1fe449b29bc506a7113c,
        type: 3}
      propertyPath: m_LocalPosition.y
      value: 0.2534
      objectReference: {fileID: 0}
    - target: {fileID: 8922856119782678864, guid: 81f3b9e7be4f1fe449b29bc506a7113c,
        type: 3}
      propertyPath: m_LocalPosition.z
      value: 0.15470004
      objectReference: {fileID: 0}
    - target: {fileID: 8922856119782678864, guid: 81f3b9e7be4f1fe449b29bc506a7113c,
        type: 3}
      propertyPath: m_LocalRotation.w
      value: -0.91757125
      objectReference: {fileID: 0}
    - target: {fileID: 8922856119782678864, guid: 81f3b9e7be4f1fe449b29bc506a7113c,
        type: 3}
      propertyPath: m_LocalRotation.x
      value: 0.30832267
      objectReference: {fileID: 0}
    - target: {fileID: 8922856119782678864, guid: 81f3b9e7be4f1fe449b29bc506a7113c,
        type: 3}
      propertyPath: m_LocalRotation.y
      value: 0.24436969
      objectReference: {fileID: 0}
    - target: {fileID: 8922856119782678864, guid: 81f3b9e7be4f1fe449b29bc506a7113c,
        type: 3}
      propertyPath: m_LocalRotation.z
      value: 0.05730296
      objectReference: {fileID: 0}
    - target: {fileID: 8922856119782678864, guid: 81f3b9e7be4f1fe449b29bc506a7113c,
        type: 3}
      propertyPath: m_LocalEulerAnglesHint.x
      value: -36.429
      objectReference: {fileID: 0}
    - target: {fileID: 8922856119782678864, guid: 81f3b9e7be4f1fe449b29bc506a7113c,
        type: 3}
      propertyPath: m_LocalEulerAnglesHint.y
      value: 329.106
      objectReference: {fileID: 0}
    - target: {fileID: 8922856119782678864, guid: 81f3b9e7be4f1fe449b29bc506a7113c,
        type: 3}
      propertyPath: m_LocalEulerAnglesHint.z
      value: 3.2440002
      objectReference: {fileID: 0}
    m_RemovedComponents: []
  m_SourcePrefab: {fileID: 100100000, guid: 81f3b9e7be4f1fe449b29bc506a7113c, type: 3}
--- !u!4 &4276139167270445565 stripped
Transform:
  m_CorrespondingSourceObject: {fileID: 8922856119782678864, guid: 81f3b9e7be4f1fe449b29bc506a7113c,
    type: 3}
  m_PrefabInstance: {fileID: 4648770033929617581}
  m_PrefabAsset: {fileID: 0}
--- !u!1001 &4648770033940922559
PrefabInstance:
  m_ObjectHideFlags: 0
  serializedVersion: 2
  m_Modification:
    m_TransformParent: {fileID: 4648770034333684569}
    m_Modifications:
    - target: {fileID: 390038532831677903, guid: 81f3b9e7be4f1fe449b29bc506a7113c,
        type: 3}
      propertyPath: m_IsActive
      value: 1
      objectReference: {fileID: 0}
    - target: {fileID: 1750040169204119320, guid: 81f3b9e7be4f1fe449b29bc506a7113c,
        type: 3}
      propertyPath: m_IsActive
      value: 1
      objectReference: {fileID: 0}
    - target: {fileID: 1997845146451366294, guid: 81f3b9e7be4f1fe449b29bc506a7113c,
        type: 3}
      propertyPath: m_IsActive
      value: 1
      objectReference: {fileID: 0}
    - target: {fileID: 2286575717033062848, guid: 81f3b9e7be4f1fe449b29bc506a7113c,
        type: 3}
      propertyPath: m_IsActive
      value: 1
      objectReference: {fileID: 0}
    - target: {fileID: 2980299531547722542, guid: 81f3b9e7be4f1fe449b29bc506a7113c,
        type: 3}
      propertyPath: m_IsActive
      value: 1
      objectReference: {fileID: 0}
    - target: {fileID: 3215633959592584709, guid: 81f3b9e7be4f1fe449b29bc506a7113c,
        type: 3}
      propertyPath: m_IsActive
      value: 1
      objectReference: {fileID: 0}
    - target: {fileID: 4380175848960115813, guid: 81f3b9e7be4f1fe449b29bc506a7113c,
        type: 3}
      propertyPath: m_IsActive
      value: 1
      objectReference: {fileID: 0}
    - target: {fileID: 5078514718935204833, guid: 81f3b9e7be4f1fe449b29bc506a7113c,
        type: 3}
      propertyPath: m_IsActive
      value: 1
      objectReference: {fileID: 0}
    - target: {fileID: 5331778103467466768, guid: 81f3b9e7be4f1fe449b29bc506a7113c,
        type: 3}
      propertyPath: m_IsActive
      value: 1
      objectReference: {fileID: 0}
    - target: {fileID: 5349296577530804699, guid: 81f3b9e7be4f1fe449b29bc506a7113c,
        type: 3}
      propertyPath: m_IsActive
      value: 1
      objectReference: {fileID: 0}
    - target: {fileID: 6126010140618045027, guid: 81f3b9e7be4f1fe449b29bc506a7113c,
        type: 3}
      propertyPath: m_IsActive
      value: 1
      objectReference: {fileID: 0}
    - target: {fileID: 7015953385394520995, guid: 81f3b9e7be4f1fe449b29bc506a7113c,
        type: 3}
      propertyPath: m_IsActive
      value: 1
      objectReference: {fileID: 0}
    - target: {fileID: 7105049963478675642, guid: 81f3b9e7be4f1fe449b29bc506a7113c,
        type: 3}
      propertyPath: m_IsActive
      value: 1
      objectReference: {fileID: 0}
    - target: {fileID: 8756269751538772903, guid: 81f3b9e7be4f1fe449b29bc506a7113c,
        type: 3}
      propertyPath: m_IsActive
      value: 1
      objectReference: {fileID: 0}
    - target: {fileID: 8839858786531028039, guid: 81f3b9e7be4f1fe449b29bc506a7113c,
        type: 3}
      propertyPath: m_Name
      value: b3 (2)
      objectReference: {fileID: 0}
    - target: {fileID: 8839858786531028039, guid: 81f3b9e7be4f1fe449b29bc506a7113c,
        type: 3}
      propertyPath: m_IsActive
      value: 1
      objectReference: {fileID: 0}
    - target: {fileID: 8922856119782678864, guid: 81f3b9e7be4f1fe449b29bc506a7113c,
        type: 3}
      propertyPath: m_RootOrder
      value: 20
      objectReference: {fileID: 0}
    - target: {fileID: 8922856119782678864, guid: 81f3b9e7be4f1fe449b29bc506a7113c,
        type: 3}
      propertyPath: m_LocalScale.x
      value: 1.3999999
      objectReference: {fileID: 0}
    - target: {fileID: 8922856119782678864, guid: 81f3b9e7be4f1fe449b29bc506a7113c,
        type: 3}
      propertyPath: m_LocalScale.y
      value: 1.4000003
      objectReference: {fileID: 0}
    - target: {fileID: 8922856119782678864, guid: 81f3b9e7be4f1fe449b29bc506a7113c,
        type: 3}
      propertyPath: m_LocalScale.z
      value: 1.4
      objectReference: {fileID: 0}
    - target: {fileID: 8922856119782678864, guid: 81f3b9e7be4f1fe449b29bc506a7113c,
        type: 3}
      propertyPath: m_LocalPosition.x
      value: 0.1379
      objectReference: {fileID: 0}
    - target: {fileID: 8922856119782678864, guid: 81f3b9e7be4f1fe449b29bc506a7113c,
        type: 3}
      propertyPath: m_LocalPosition.y
      value: 0.105000004
      objectReference: {fileID: 0}
    - target: {fileID: 8922856119782678864, guid: 81f3b9e7be4f1fe449b29bc506a7113c,
        type: 3}
      propertyPath: m_LocalPosition.z
      value: -0.096600056
      objectReference: {fileID: 0}
    - target: {fileID: 8922856119782678864, guid: 81f3b9e7be4f1fe449b29bc506a7113c,
        type: 3}
      propertyPath: m_LocalRotation.w
      value: 0.6500323
      objectReference: {fileID: 0}
    - target: {fileID: 8922856119782678864, guid: 81f3b9e7be4f1fe449b29bc506a7113c,
        type: 3}
      propertyPath: m_LocalRotation.x
      value: -0.2110437
      objectReference: {fileID: 0}
    - target: {fileID: 8922856119782678864, guid: 81f3b9e7be4f1fe449b29bc506a7113c,
        type: 3}
      propertyPath: m_LocalRotation.y
      value: 0.705502
      objectReference: {fileID: 0}
    - target: {fileID: 8922856119782678864, guid: 81f3b9e7be4f1fe449b29bc506a7113c,
        type: 3}
      propertyPath: m_LocalRotation.z
      value: 0.1875783
      objectReference: {fileID: 0}
    - target: {fileID: 8922856119782678864, guid: 81f3b9e7be4f1fe449b29bc506a7113c,
        type: 3}
      propertyPath: m_LocalEulerAnglesHint.x
      value: -32.619003
      objectReference: {fileID: 0}
    - target: {fileID: 8922856119782678864, guid: 81f3b9e7be4f1fe449b29bc506a7113c,
        type: 3}
      propertyPath: m_LocalEulerAnglesHint.y
      value: 95.761
      objectReference: {fileID: 0}
    - target: {fileID: 8922856119782678864, guid: 81f3b9e7be4f1fe449b29bc506a7113c,
        type: 3}
      propertyPath: m_LocalEulerAnglesHint.z
      value: -3.67
      objectReference: {fileID: 0}
    m_RemovedComponents: []
  m_SourcePrefab: {fileID: 100100000, guid: 81f3b9e7be4f1fe449b29bc506a7113c, type: 3}
--- !u!4 &4276139167250293231 stripped
Transform:
  m_CorrespondingSourceObject: {fileID: 8922856119782678864, guid: 81f3b9e7be4f1fe449b29bc506a7113c,
    type: 3}
  m_PrefabInstance: {fileID: 4648770033940922559}
  m_PrefabAsset: {fileID: 0}
--- !u!1001 &4648770034023037419
PrefabInstance:
  m_ObjectHideFlags: 0
  serializedVersion: 2
  m_Modification:
    m_TransformParent: {fileID: 4648770034333684569}
    m_Modifications:
    - target: {fileID: 8839858786531028039, guid: 81f3b9e7be4f1fe449b29bc506a7113c,
        type: 3}
      propertyPath: m_Name
      value: b3
      objectReference: {fileID: 0}
    - target: {fileID: 8839858786531028039, guid: 81f3b9e7be4f1fe449b29bc506a7113c,
        type: 3}
      propertyPath: m_IsActive
      value: 1
      objectReference: {fileID: 0}
    - target: {fileID: 8922856119782678864, guid: 81f3b9e7be4f1fe449b29bc506a7113c,
        type: 3}
      propertyPath: m_RootOrder
      value: 22
      objectReference: {fileID: 0}
    - target: {fileID: 8922856119782678864, guid: 81f3b9e7be4f1fe449b29bc506a7113c,
        type: 3}
      propertyPath: m_LocalScale.x
      value: 1.4000001
      objectReference: {fileID: 0}
    - target: {fileID: 8922856119782678864, guid: 81f3b9e7be4f1fe449b29bc506a7113c,
        type: 3}
      propertyPath: m_LocalScale.y
      value: 1.3999999
      objectReference: {fileID: 0}
    - target: {fileID: 8922856119782678864, guid: 81f3b9e7be4f1fe449b29bc506a7113c,
        type: 3}
      propertyPath: m_LocalScale.z
      value: 1.4000002
      objectReference: {fileID: 0}
    - target: {fileID: 8922856119782678864, guid: 81f3b9e7be4f1fe449b29bc506a7113c,
        type: 3}
      propertyPath: m_LocalPosition.x
      value: -0.020299999
      objectReference: {fileID: 0}
    - target: {fileID: 8922856119782678864, guid: 81f3b9e7be4f1fe449b29bc506a7113c,
        type: 3}
      propertyPath: m_LocalPosition.y
      value: 0.105000004
      objectReference: {fileID: 0}
    - target: {fileID: 8922856119782678864, guid: 81f3b9e7be4f1fe449b29bc506a7113c,
        type: 3}
      propertyPath: m_LocalPosition.z
      value: 0.10430002
      objectReference: {fileID: 0}
    - target: {fileID: 8922856119782678864, guid: 81f3b9e7be4f1fe449b29bc506a7113c,
        type: 3}
      propertyPath: m_LocalRotation.w
      value: 0.9776704
      objectReference: {fileID: 0}
    - target: {fileID: 8922856119782678864, guid: 81f3b9e7be4f1fe449b29bc506a7113c,
        type: 3}
      propertyPath: m_LocalRotation.x
      value: -0.18785314
      objectReference: {fileID: 0}
    - target: {fileID: 8922856119782678864, guid: 81f3b9e7be4f1fe449b29bc506a7113c,
        type: 3}
      propertyPath: m_LocalRotation.y
      value: 0.017772978
      objectReference: {fileID: 0}
    - target: {fileID: 8922856119782678864, guid: 81f3b9e7be4f1fe449b29bc506a7113c,
        type: 3}
      propertyPath: m_LocalRotation.z
      value: 0.09249844
      objectReference: {fileID: 0}
    - target: {fileID: 8922856119782678864, guid: 81f3b9e7be4f1fe449b29bc506a7113c,
        type: 3}
      propertyPath: m_LocalEulerAnglesHint.x
      value: -21.753
      objectReference: {fileID: 0}
    - target: {fileID: 8922856119782678864, guid: 81f3b9e7be4f1fe449b29bc506a7113c,
        type: 3}
      propertyPath: m_LocalEulerAnglesHint.y
      value: 0
      objectReference: {fileID: 0}
    - target: {fileID: 8922856119782678864, guid: 81f3b9e7be4f1fe449b29bc506a7113c,
        type: 3}
      propertyPath: m_LocalEulerAnglesHint.z
      value: 10.809001
      objectReference: {fileID: 0}
    m_RemovedComponents: []
  m_SourcePrefab: {fileID: 100100000, guid: 81f3b9e7be4f1fe449b29bc506a7113c, type: 3}
--- !u!4 &4276139167114418363 stripped
Transform:
  m_CorrespondingSourceObject: {fileID: 8922856119782678864, guid: 81f3b9e7be4f1fe449b29bc506a7113c,
    type: 3}
  m_PrefabInstance: {fileID: 4648770034023037419}
  m_PrefabAsset: {fileID: 0}
--- !u!1001 &4648770034145964127
PrefabInstance:
  m_ObjectHideFlags: 0
  serializedVersion: 2
  m_Modification:
    m_TransformParent: {fileID: 4648770034333684569}
    m_Modifications:
    - target: {fileID: 8839858786531028039, guid: 81f3b9e7be4f1fe449b29bc506a7113c,
        type: 3}
      propertyPath: m_Name
      value: b3 (10)
      objectReference: {fileID: 0}
    - target: {fileID: 8839858786531028039, guid: 81f3b9e7be4f1fe449b29bc506a7113c,
        type: 3}
      propertyPath: m_IsActive
      value: 1
      objectReference: {fileID: 0}
    - target: {fileID: 8922856119782678864, guid: 81f3b9e7be4f1fe449b29bc506a7113c,
        type: 3}
      propertyPath: m_RootOrder
      value: 12
      objectReference: {fileID: 0}
    - target: {fileID: 8922856119782678864, guid: 81f3b9e7be4f1fe449b29bc506a7113c,
        type: 3}
      propertyPath: m_LocalScale.x
      value: 1.4000002
      objectReference: {fileID: 0}
    - target: {fileID: 8922856119782678864, guid: 81f3b9e7be4f1fe449b29bc506a7113c,
        type: 3}
      propertyPath: m_LocalScale.y
      value: 1.4000002
      objectReference: {fileID: 0}
    - target: {fileID: 8922856119782678864, guid: 81f3b9e7be4f1fe449b29bc506a7113c,
        type: 3}
      propertyPath: m_LocalScale.z
      value: 1.4
      objectReference: {fileID: 0}
    - target: {fileID: 8922856119782678864, guid: 81f3b9e7be4f1fe449b29bc506a7113c,
        type: 3}
      propertyPath: m_LocalPosition.x
      value: -0.0742
      objectReference: {fileID: 0}
    - target: {fileID: 8922856119782678864, guid: 81f3b9e7be4f1fe449b29bc506a7113c,
        type: 3}
      propertyPath: m_LocalPosition.y
      value: 0.2534
      objectReference: {fileID: 0}
    - target: {fileID: 8922856119782678864, guid: 81f3b9e7be4f1fe449b29bc506a7113c,
        type: 3}
      propertyPath: m_LocalPosition.z
      value: -0.10220003
      objectReference: {fileID: 0}
    - target: {fileID: 8922856119782678864, guid: 81f3b9e7be4f1fe449b29bc506a7113c,
        type: 3}
      propertyPath: m_LocalRotation.w
      value: 0.3549913
      objectReference: {fileID: 0}
    - target: {fileID: 8922856119782678864, guid: 81f3b9e7be4f1fe449b29bc506a7113c,
        type: 3}
      propertyPath: m_LocalRotation.x
      value: -0.21680734
      objectReference: {fileID: 0}
    - target: {fileID: 8922856119782678864, guid: 81f3b9e7be4f1fe449b29bc506a7113c,
        type: 3}
      propertyPath: m_LocalRotation.y
      value: -0.8550993
      objectReference: {fileID: 0}
    - target: {fileID: 8922856119782678864, guid: 81f3b9e7be4f1fe449b29bc506a7113c,
        type: 3}
      propertyPath: m_LocalRotation.z
      value: -0.30948502
      objectReference: {fileID: 0}
    - target: {fileID: 8922856119782678864, guid: 81f3b9e7be4f1fe449b29bc506a7113c,
        type: 3}
      propertyPath: m_LocalEulerAnglesHint.x
      value: -43.095
      objectReference: {fileID: 0}
    - target: {fileID: 8922856119782678864, guid: 81f3b9e7be4f1fe449b29bc506a7113c,
        type: 3}
      propertyPath: m_LocalEulerAnglesHint.y
      value: 580.363
      objectReference: {fileID: 0}
    - target: {fileID: 8922856119782678864, guid: 81f3b9e7be4f1fe449b29bc506a7113c,
        type: 3}
      propertyPath: m_LocalEulerAnglesHint.z
      value: 11.938001
      objectReference: {fileID: 0}
    m_RemovedComponents: []
  m_SourcePrefab: {fileID: 100100000, guid: 81f3b9e7be4f1fe449b29bc506a7113c, type: 3}
--- !u!4 &4276139167187013903 stripped
Transform:
  m_CorrespondingSourceObject: {fileID: 8922856119782678864, guid: 81f3b9e7be4f1fe449b29bc506a7113c,
    type: 3}
  m_PrefabInstance: {fileID: 4648770034145964127}
  m_PrefabAsset: {fileID: 0}
--- !u!1001 &4648770034499194494
PrefabInstance:
  m_ObjectHideFlags: 0
  serializedVersion: 2
  m_Modification:
    m_TransformParent: {fileID: 4648770034333684569}
    m_Modifications:
    - target: {fileID: 8839858786531028039, guid: 81f3b9e7be4f1fe449b29bc506a7113c,
        type: 3}
      propertyPath: m_Name
      value: b3 (5)
      objectReference: {fileID: 0}
    - target: {fileID: 8839858786531028039, guid: 81f3b9e7be4f1fe449b29bc506a7113c,
        type: 3}
      propertyPath: m_IsActive
      value: 1
      objectReference: {fileID: 0}
    - target: {fileID: 8922856119782678864, guid: 81f3b9e7be4f1fe449b29bc506a7113c,
        type: 3}
      propertyPath: m_RootOrder
      value: 17
      objectReference: {fileID: 0}
    - target: {fileID: 8922856119782678864, guid: 81f3b9e7be4f1fe449b29bc506a7113c,
        type: 3}
      propertyPath: m_LocalScale.x
      value: 1.4000001
      objectReference: {fileID: 0}
    - target: {fileID: 8922856119782678864, guid: 81f3b9e7be4f1fe449b29bc506a7113c,
        type: 3}
      propertyPath: m_LocalScale.y
      value: 1.4000003
      objectReference: {fileID: 0}
    - target: {fileID: 8922856119782678864, guid: 81f3b9e7be4f1fe449b29bc506a7113c,
        type: 3}
      propertyPath: m_LocalScale.z
      value: 1.4
      objectReference: {fileID: 0}
    - target: {fileID: 8922856119782678864, guid: 81f3b9e7be4f1fe449b29bc506a7113c,
        type: 3}
      propertyPath: m_LocalPosition.x
      value: -0.12459999
      objectReference: {fileID: 0}
    - target: {fileID: 8922856119782678864, guid: 81f3b9e7be4f1fe449b29bc506a7113c,
        type: 3}
      propertyPath: m_LocalPosition.y
      value: 0.2534
      objectReference: {fileID: 0}
    - target: {fileID: 8922856119782678864, guid: 81f3b9e7be4f1fe449b29bc506a7113c,
        type: 3}
      propertyPath: m_LocalPosition.z
      value: -0.0013999939
      objectReference: {fileID: 0}
    - target: {fileID: 8922856119782678864, guid: 81f3b9e7be4f1fe449b29bc506a7113c,
        type: 3}
      propertyPath: m_LocalRotation.w
      value: -0.57788396
      objectReference: {fileID: 0}
    - target: {fileID: 8922856119782678864, guid: 81f3b9e7be4f1fe449b29bc506a7113c,
        type: 3}
      propertyPath: m_LocalRotation.x
      value: 0.3372761
      objectReference: {fileID: 0}
    - target: {fileID: 8922856119782678864, guid: 81f3b9e7be4f1fe449b29bc506a7113c,
        type: 3}
      propertyPath: m_LocalRotation.y
      value: 0.74316365
      objectReference: {fileID: 0}
    - target: {fileID: 8922856119782678864, guid: 81f3b9e7be4f1fe449b29bc506a7113c,
        type: 3}
      propertyPath: m_LocalRotation.z
      value: -0.0016783058
      objectReference: {fileID: 0}
    - target: {fileID: 8922856119782678864, guid: 81f3b9e7be4f1fe449b29bc506a7113c,
        type: 3}
      propertyPath: m_LocalEulerAnglesHint.x
      value: -22.788002
      objectReference: {fileID: 0}
    - target: {fileID: 8922856119782678864, guid: 81f3b9e7be4f1fe449b29bc506a7113c,
        type: 3}
      propertyPath: m_LocalEulerAnglesHint.y
      value: 248.887
      objectReference: {fileID: 0}
    - target: {fileID: 8922856119782678864, guid: 81f3b9e7be4f1fe449b29bc506a7113c,
        type: 3}
      propertyPath: m_LocalEulerAnglesHint.z
      value: 33.083
      objectReference: {fileID: 0}
    m_RemovedComponents: []
  m_SourcePrefab: {fileID: 100100000, guid: 81f3b9e7be4f1fe449b29bc506a7113c, type: 3}
--- !u!4 &4276139167842250542 stripped
Transform:
  m_CorrespondingSourceObject: {fileID: 8922856119782678864, guid: 81f3b9e7be4f1fe449b29bc506a7113c,
    type: 3}
  m_PrefabInstance: {fileID: 4648770034499194494}
  m_PrefabAsset: {fileID: 0}
--- !u!1001 &4648770034685259561
PrefabInstance:
  m_ObjectHideFlags: 0
  serializedVersion: 2
  m_Modification:
    m_TransformParent: {fileID: 4648770034333684569}
    m_Modifications:
    - target: {fileID: 4575415740769848933, guid: 1fa5b2ee0aceaf2478b2b1471608a769,
        type: 3}
      propertyPath: m_Name
      value: b2 (2)
      objectReference: {fileID: 0}
    - target: {fileID: 4575415740769848933, guid: 1fa5b2ee0aceaf2478b2b1471608a769,
        type: 3}
      propertyPath: m_IsActive
      value: 1
      objectReference: {fileID: 0}
    - target: {fileID: 4575415740769848938, guid: 1fa5b2ee0aceaf2478b2b1471608a769,
        type: 3}
      propertyPath: m_RootOrder
      value: 7
      objectReference: {fileID: 0}
    - target: {fileID: 4575415740769848938, guid: 1fa5b2ee0aceaf2478b2b1471608a769,
        type: 3}
      propertyPath: m_LocalScale.x
      value: 1.4000001
      objectReference: {fileID: 0}
    - target: {fileID: 4575415740769848938, guid: 1fa5b2ee0aceaf2478b2b1471608a769,
        type: 3}
      propertyPath: m_LocalScale.y
      value: 1.4
      objectReference: {fileID: 0}
    - target: {fileID: 4575415740769848938, guid: 1fa5b2ee0aceaf2478b2b1471608a769,
        type: 3}
      propertyPath: m_LocalScale.z
      value: 1.4
      objectReference: {fileID: 0}
    - target: {fileID: 4575415740769848938, guid: 1fa5b2ee0aceaf2478b2b1471608a769,
        type: 3}
      propertyPath: m_LocalPosition.x
      value: -0.0546
      objectReference: {fileID: 0}
    - target: {fileID: 4575415740769848938, guid: 1fa5b2ee0aceaf2478b2b1471608a769,
        type: 3}
      propertyPath: m_LocalPosition.y
      value: 0.32059997
      objectReference: {fileID: 0}
    - target: {fileID: 4575415740769848938, guid: 1fa5b2ee0aceaf2478b2b1471608a769,
        type: 3}
      propertyPath: m_LocalPosition.z
      value: -0.042000055
      objectReference: {fileID: 0}
    - target: {fileID: 4575415740769848938, guid: 1fa5b2ee0aceaf2478b2b1471608a769,
        type: 3}
      propertyPath: m_LocalRotation.w
      value: 0.25731432
      objectReference: {fileID: 0}
    - target: {fileID: 4575415740769848938, guid: 1fa5b2ee0aceaf2478b2b1471608a769,
        type: 3}
      propertyPath: m_LocalRotation.x
      value: -0.024707392
      objectReference: {fileID: 0}
    - target: {fileID: 4575415740769848938, guid: 1fa5b2ee0aceaf2478b2b1471608a769,
        type: 3}
      propertyPath: m_LocalRotation.y
      value: -0.67909276
      objectReference: {fileID: 0}
    - target: {fileID: 4575415740769848938, guid: 1fa5b2ee0aceaf2478b2b1471608a769,
        type: 3}
      propertyPath: m_LocalRotation.z
      value: -0.6870313
      objectReference: {fileID: 0}
    - target: {fileID: 4575415740769848938, guid: 1fa5b2ee0aceaf2478b2b1471608a769,
        type: 3}
      propertyPath: m_LocalEulerAnglesHint.x
      value: -71.055
      objectReference: {fileID: 0}
    - target: {fileID: 4575415740769848938, guid: 1fa5b2ee0aceaf2478b2b1471608a769,
        type: 3}
      propertyPath: m_LocalEulerAnglesHint.y
      value: -76.381004
      objectReference: {fileID: 0}
    - target: {fileID: 4575415740769848938, guid: 1fa5b2ee0aceaf2478b2b1471608a769,
        type: 3}
      propertyPath: m_LocalEulerAnglesHint.z
      value: -80.29
      objectReference: {fileID: 0}
    m_RemovedComponents: []
  m_SourcePrefab: {fileID: 100100000, guid: 1fa5b2ee0aceaf2478b2b1471608a769, type: 3}
--- !u!4 &9222417560764703043 stripped
Transform:
  m_CorrespondingSourceObject: {fileID: 4575415740769848938, guid: 1fa5b2ee0aceaf2478b2b1471608a769,
    type: 3}
  m_PrefabInstance: {fileID: 4648770034685259561}
  m_PrefabAsset: {fileID: 0}
--- !u!1001 &4648770034853253239
PrefabInstance:
  m_ObjectHideFlags: 0
  serializedVersion: 2
  m_Modification:
    m_TransformParent: {fileID: 4648770034333684569}
    m_Modifications:
    - target: {fileID: 8839858786531028039, guid: 81f3b9e7be4f1fe449b29bc506a7113c,
        type: 3}
      propertyPath: m_Name
      value: b3 (11)
      objectReference: {fileID: 0}
    - target: {fileID: 8839858786531028039, guid: 81f3b9e7be4f1fe449b29bc506a7113c,
        type: 3}
      propertyPath: m_IsActive
      value: 1
      objectReference: {fileID: 0}
    - target: {fileID: 8922856119782678864, guid: 81f3b9e7be4f1fe449b29bc506a7113c,
        type: 3}
      propertyPath: m_RootOrder
      value: 11
      objectReference: {fileID: 0}
    - target: {fileID: 8922856119782678864, guid: 81f3b9e7be4f1fe449b29bc506a7113c,
        type: 3}
      propertyPath: m_LocalScale.x
      value: 1.4000001
      objectReference: {fileID: 0}
    - target: {fileID: 8922856119782678864, guid: 81f3b9e7be4f1fe449b29bc506a7113c,
        type: 3}
      propertyPath: m_LocalScale.y
      value: 1.3999997
      objectReference: {fileID: 0}
    - target: {fileID: 8922856119782678864, guid: 81f3b9e7be4f1fe449b29bc506a7113c,
        type: 3}
      propertyPath: m_LocalScale.z
      value: 1.3999999
      objectReference: {fileID: 0}
    - target: {fileID: 8922856119782678864, guid: 81f3b9e7be4f1fe449b29bc506a7113c,
        type: 3}
      propertyPath: m_LocalPosition.x
      value: 0.119
      objectReference: {fileID: 0}
    - target: {fileID: 8922856119782678864, guid: 81f3b9e7be4f1fe449b29bc506a7113c,
        type: 3}
      propertyPath: m_LocalPosition.y
      value: 0.2534
      objectReference: {fileID: 0}
    - target: {fileID: 8922856119782678864, guid: 81f3b9e7be4f1fe449b29bc506a7113c,
        type: 3}
      propertyPath: m_LocalPosition.z
      value: -0.15890002
      objectReference: {fileID: 0}
    - target: {fileID: 8922856119782678864, guid: 81f3b9e7be4f1fe449b29bc506a7113c,
        type: 3}
      propertyPath: m_LocalRotation.w
      value: -0.05877101
      objectReference: {fileID: 0}
    - target: {fileID: 8922856119782678864, guid: 81f3b9e7be4f1fe449b29bc506a7113c,
        type: 3}
      propertyPath: m_LocalRotation.x
      value: -0.21011302
      objectReference: {fileID: 0}
    - target: {fileID: 8922856119782678864, guid: 81f3b9e7be4f1fe449b29bc506a7113c,
        type: 3}
      propertyPath: m_LocalRotation.y
      value: -0.9188146
      objectReference: {fileID: 0}
    - target: {fileID: 8922856119782678864, guid: 81f3b9e7be4f1fe449b29bc506a7113c,
        type: 3}
      propertyPath: m_LocalRotation.z
      value: -0.32890454
      objectReference: {fileID: 0}
    - target: {fileID: 8922856119782678864, guid: 81f3b9e7be4f1fe449b29bc506a7113c,
        type: 3}
      propertyPath: m_LocalEulerAnglesHint.x
      value: -35.43
      objectReference: {fileID: 0}
    - target: {fileID: 8922856119782678864, guid: 81f3b9e7be4f1fe449b29bc506a7113c,
        type: 3}
      propertyPath: m_LocalEulerAnglesHint.y
      value: 522.412
      objectReference: {fileID: 0}
    - target: {fileID: 8922856119782678864, guid: 81f3b9e7be4f1fe449b29bc506a7113c,
        type: 3}
      propertyPath: m_LocalEulerAnglesHint.z
      value: 31.420002
      objectReference: {fileID: 0}
    m_RemovedComponents: []
  m_SourcePrefab: {fileID: 100100000, guid: 81f3b9e7be4f1fe449b29bc506a7113c, type: 3}
--- !u!4 &4276139168431190311 stripped
Transform:
  m_CorrespondingSourceObject: {fileID: 8922856119782678864, guid: 81f3b9e7be4f1fe449b29bc506a7113c,
    type: 3}
  m_PrefabInstance: {fileID: 4648770034853253239}
  m_PrefabAsset: {fileID: 0}
--- !u!1001 &4648770034936176502
PrefabInstance:
  m_ObjectHideFlags: 0
  serializedVersion: 2
  m_Modification:
    m_TransformParent: {fileID: 4648770034333684569}
    m_Modifications:
    - target: {fileID: 4575415740769848933, guid: 1fa5b2ee0aceaf2478b2b1471608a769,
        type: 3}
      propertyPath: m_Name
      value: b2 (1)
      objectReference: {fileID: 0}
    - target: {fileID: 4575415740769848933, guid: 1fa5b2ee0aceaf2478b2b1471608a769,
        type: 3}
      propertyPath: m_IsActive
      value: 1
      objectReference: {fileID: 0}
    - target: {fileID: 4575415740769848938, guid: 1fa5b2ee0aceaf2478b2b1471608a769,
        type: 3}
      propertyPath: m_RootOrder
      value: 8
      objectReference: {fileID: 0}
    - target: {fileID: 4575415740769848938, guid: 1fa5b2ee0aceaf2478b2b1471608a769,
        type: 3}
      propertyPath: m_LocalScale.x
      value: 1.3999999
      objectReference: {fileID: 0}
    - target: {fileID: 4575415740769848938, guid: 1fa5b2ee0aceaf2478b2b1471608a769,
        type: 3}
      propertyPath: m_LocalScale.y
      value: 1.4000003
      objectReference: {fileID: 0}
    - target: {fileID: 4575415740769848938, guid: 1fa5b2ee0aceaf2478b2b1471608a769,
        type: 3}
      propertyPath: m_LocalScale.z
      value: 1.4
      objectReference: {fileID: 0}
    - target: {fileID: 4575415740769848938, guid: 1fa5b2ee0aceaf2478b2b1471608a769,
        type: 3}
      propertyPath: m_LocalPosition.x
      value: 0.0511
      objectReference: {fileID: 0}
    - target: {fileID: 4575415740769848938, guid: 1fa5b2ee0aceaf2478b2b1471608a769,
        type: 3}
      propertyPath: m_LocalPosition.y
      value: 0.32059997
      objectReference: {fileID: 0}
    - target: {fileID: 4575415740769848938, guid: 1fa5b2ee0aceaf2478b2b1471608a769,
        type: 3}
      propertyPath: m_LocalPosition.z
      value: -0.090299964
      objectReference: {fileID: 0}
    - target: {fileID: 4575415740769848938, guid: 1fa5b2ee0aceaf2478b2b1471608a769,
        type: 3}
      propertyPath: m_LocalRotation.w
      value: 0.36054644
      objectReference: {fileID: 0}
    - target: {fileID: 4575415740769848938, guid: 1fa5b2ee0aceaf2478b2b1471608a769,
        type: 3}
      propertyPath: m_LocalRotation.x
      value: -0.3370232
      objectReference: {fileID: 0}
    - target: {fileID: 4575415740769848938, guid: 1fa5b2ee0aceaf2478b2b1471608a769,
        type: 3}
      propertyPath: m_LocalRotation.y
      value: 0.80127764
      objectReference: {fileID: 0}
    - target: {fileID: 4575415740769848938, guid: 1fa5b2ee0aceaf2478b2b1471608a769,
        type: 3}
      propertyPath: m_LocalRotation.z
      value: 0.338195
      objectReference: {fileID: 0}
    - target: {fileID: 4575415740769848938, guid: 1fa5b2ee0aceaf2478b2b1471608a769,
        type: 3}
      propertyPath: m_LocalEulerAnglesHint.x
      value: -51.721
      objectReference: {fileID: 0}
    - target: {fileID: 4575415740769848938, guid: 1fa5b2ee0aceaf2478b2b1471608a769,
        type: 3}
      propertyPath: m_LocalEulerAnglesHint.y
      value: 145.61801
      objectReference: {fileID: 0}
    - target: {fileID: 4575415740769848938, guid: 1fa5b2ee0aceaf2478b2b1471608a769,
        type: 3}
      propertyPath: m_LocalEulerAnglesHint.z
      value: -28.566002
      objectReference: {fileID: 0}
    m_RemovedComponents: []
  m_SourcePrefab: {fileID: 100100000, guid: 1fa5b2ee0aceaf2478b2b1471608a769, type: 3}
--- !u!4 &9222417559939748124 stripped
Transform:
  m_CorrespondingSourceObject: {fileID: 4575415740769848938, guid: 1fa5b2ee0aceaf2478b2b1471608a769,
    type: 3}
  m_PrefabInstance: {fileID: 4648770034936176502}
  m_PrefabAsset: {fileID: 0}
--- !u!1001 &4648770034969962533
PrefabInstance:
  m_ObjectHideFlags: 0
  serializedVersion: 2
  m_Modification:
    m_TransformParent: {fileID: 4648770034333684569}
    m_Modifications:
    - target: {fileID: 8839858786531028039, guid: 81f3b9e7be4f1fe449b29bc506a7113c,
        type: 3}
      propertyPath: m_Name
      value: b3 (8)
      objectReference: {fileID: 0}
    - target: {fileID: 8839858786531028039, guid: 81f3b9e7be4f1fe449b29bc506a7113c,
        type: 3}
      propertyPath: m_IsActive
      value: 1
      objectReference: {fileID: 0}
    - target: {fileID: 8922856119782678864, guid: 81f3b9e7be4f1fe449b29bc506a7113c,
        type: 3}
      propertyPath: m_RootOrder
      value: 14
      objectReference: {fileID: 0}
    - target: {fileID: 8922856119782678864, guid: 81f3b9e7be4f1fe449b29bc506a7113c,
        type: 3}
      propertyPath: m_LocalScale.x
      value: 1.3999999
      objectReference: {fileID: 0}
    - target: {fileID: 8922856119782678864, guid: 81f3b9e7be4f1fe449b29bc506a7113c,
        type: 3}
      propertyPath: m_LocalScale.y
      value: 1.4000003
      objectReference: {fileID: 0}
    - target: {fileID: 8922856119782678864, guid: 81f3b9e7be4f1fe449b29bc506a7113c,
        type: 3}
      propertyPath: m_LocalScale.z
      value: 1.4
      objectReference: {fileID: 0}
    - target: {fileID: 8922856119782678864, guid: 81f3b9e7be4f1fe449b29bc506a7113c,
        type: 3}
      propertyPath: m_LocalPosition.x
      value: 0.082600005
      objectReference: {fileID: 0}
    - target: {fileID: 8922856119782678864, guid: 81f3b9e7be4f1fe449b29bc506a7113c,
        type: 3}
      propertyPath: m_LocalPosition.y
      value: 0.2534
      objectReference: {fileID: 0}
    - target: {fileID: 8922856119782678864, guid: 81f3b9e7be4f1fe449b29bc506a7113c,
        type: 3}
      propertyPath: m_LocalPosition.z
      value: 0.10780001
      objectReference: {fileID: 0}
    - target: {fileID: 8922856119782678864, guid: 81f3b9e7be4f1fe449b29bc506a7113c,
        type: 3}
      propertyPath: m_LocalRotation.w
      value: -0.9289392
      objectReference: {fileID: 0}
    - target: {fileID: 8922856119782678864, guid: 81f3b9e7be4f1fe449b29bc506a7113c,
        type: 3}
      propertyPath: m_LocalRotation.x
      value: 0.32497108
      objectReference: {fileID: 0}
    - target: {fileID: 8922856119782678864, guid: 81f3b9e7be4f1fe449b29bc506a7113c,
        type: 3}
      propertyPath: m_LocalRotation.y
      value: -0.16744336
      objectReference: {fileID: 0}
    - target: {fileID: 8922856119782678864, guid: 81f3b9e7be4f1fe449b29bc506a7113c,
        type: 3}
      propertyPath: m_LocalRotation.z
      value: -0.05855356
      objectReference: {fileID: 0}
    - target: {fileID: 8922856119782678864, guid: 81f3b9e7be4f1fe449b29bc506a7113c,
        type: 3}
      propertyPath: m_LocalEulerAnglesHint.x
      value: -38.562
      objectReference: {fileID: 0}
    - target: {fileID: 8922856119782678864, guid: 81f3b9e7be4f1fe449b29bc506a7113c,
        type: 3}
      propertyPath: m_LocalEulerAnglesHint.y
      value: 380.437
      objectReference: {fileID: 0}
    - target: {fileID: 8922856119782678864, guid: 81f3b9e7be4f1fe449b29bc506a7113c,
        type: 3}
      propertyPath: m_LocalEulerAnglesHint.z
      value: -0.003
      objectReference: {fileID: 0}
    m_RemovedComponents: []
  m_SourcePrefab: {fileID: 100100000, guid: 81f3b9e7be4f1fe449b29bc506a7113c, type: 3}
--- !u!4 &4276139168310774133 stripped
Transform:
  m_CorrespondingSourceObject: {fileID: 8922856119782678864, guid: 81f3b9e7be4f1fe449b29bc506a7113c,
    type: 3}
  m_PrefabInstance: {fileID: 4648770034969962533}
  m_PrefabAsset: {fileID: 0}
--- !u!1001 &4648770035206943589
PrefabInstance:
  m_ObjectHideFlags: 0
  serializedVersion: 2
  m_Modification:
    m_TransformParent: {fileID: 4648770034333684569}
    m_Modifications:
    - target: {fileID: 4575415740769848933, guid: 1fa5b2ee0aceaf2478b2b1471608a769,
        type: 3}
      propertyPath: m_Name
      value: b2
      objectReference: {fileID: 0}
    - target: {fileID: 4575415740769848933, guid: 1fa5b2ee0aceaf2478b2b1471608a769,
        type: 3}
      propertyPath: m_IsActive
      value: 1
      objectReference: {fileID: 0}
    - target: {fileID: 4575415740769848938, guid: 1fa5b2ee0aceaf2478b2b1471608a769,
        type: 3}
      propertyPath: m_RootOrder
      value: 9
      objectReference: {fileID: 0}
    - target: {fileID: 4575415740769848938, guid: 1fa5b2ee0aceaf2478b2b1471608a769,
        type: 3}
      propertyPath: m_LocalScale.x
      value: 1.4000003
      objectReference: {fileID: 0}
    - target: {fileID: 4575415740769848938, guid: 1fa5b2ee0aceaf2478b2b1471608a769,
        type: 3}
      propertyPath: m_LocalScale.y
      value: 1.4000002
      objectReference: {fileID: 0}
    - target: {fileID: 4575415740769848938, guid: 1fa5b2ee0aceaf2478b2b1471608a769,
        type: 3}
      propertyPath: m_LocalScale.z
      value: 1.4000005
      objectReference: {fileID: 0}
    - target: {fileID: 4575415740769848938, guid: 1fa5b2ee0aceaf2478b2b1471608a769,
        type: 3}
      propertyPath: m_LocalPosition.x
      value: -0.0546
      objectReference: {fileID: 0}
    - target: {fileID: 4575415740769848938, guid: 1fa5b2ee0aceaf2478b2b1471608a769,
        type: 3}
      propertyPath: m_LocalPosition.y
      value: 0.32059997
      objectReference: {fileID: 0}
    - target: {fileID: 4575415740769848938, guid: 1fa5b2ee0aceaf2478b2b1471608a769,
        type: 3}
      propertyPath: m_LocalPosition.z
      value: 0.06159997
      objectReference: {fileID: 0}
    - target: {fileID: 4575415740769848938, guid: 1fa5b2ee0aceaf2478b2b1471608a769,
        type: 3}
      propertyPath: m_LocalRotation.w
      value: 0.8176629
      objectReference: {fileID: 0}
    - target: {fileID: 4575415740769848938, guid: 1fa5b2ee0aceaf2478b2b1471608a769,
        type: 3}
      propertyPath: m_LocalRotation.x
      value: -0.5410976
      objectReference: {fileID: 0}
    - target: {fileID: 4575415740769848938, guid: 1fa5b2ee0aceaf2478b2b1471608a769,
        type: 3}
      propertyPath: m_LocalRotation.y
      value: -0.10834199
      objectReference: {fileID: 0}
    - target: {fileID: 4575415740769848938, guid: 1fa5b2ee0aceaf2478b2b1471608a769,
        type: 3}
      propertyPath: m_LocalRotation.z
      value: 0.16402072
      objectReference: {fileID: 0}
    - target: {fileID: 4575415740769848938, guid: 1fa5b2ee0aceaf2478b2b1471608a769,
        type: 3}
      propertyPath: m_LocalEulerAnglesHint.x
      value: -58.139004
      objectReference: {fileID: 0}
    - target: {fileID: 4575415740769848938, guid: 1fa5b2ee0aceaf2478b2b1471608a769,
        type: 3}
      propertyPath: m_LocalEulerAnglesHint.y
      value: -42.215
      objectReference: {fileID: 0}
    - target: {fileID: 4575415740769848938, guid: 1fa5b2ee0aceaf2478b2b1471608a769,
        type: 3}
      propertyPath: m_LocalEulerAnglesHint.z
      value: 46.908
      objectReference: {fileID: 0}
    m_RemovedComponents: []
  m_SourcePrefab: {fileID: 100100000, guid: 1fa5b2ee0aceaf2478b2b1471608a769, type: 3}
--- !u!4 &9222417560210521359 stripped
Transform:
  m_CorrespondingSourceObject: {fileID: 4575415740769848938, guid: 1fa5b2ee0aceaf2478b2b1471608a769,
    type: 3}
  m_PrefabInstance: {fileID: 4648770035206943589}
  m_PrefabAsset: {fileID: 0}
--- !u!1001 &6302852722366778968
PrefabInstance:
  m_ObjectHideFlags: 0
  serializedVersion: 2
  m_Modification:
    m_TransformParent: {fileID: 4648770034333684569}
    m_Modifications:
    - target: {fileID: 8839858786531028039, guid: 81f3b9e7be4f1fe449b29bc506a7113c,
        type: 3}
      propertyPath: m_Name
      value: b3 (14)
      objectReference: {fileID: 0}
    - target: {fileID: 8839858786531028039, guid: 81f3b9e7be4f1fe449b29bc506a7113c,
        type: 3}
      propertyPath: m_IsActive
      value: 1
      objectReference: {fileID: 0}
    - target: {fileID: 8922856119782678864, guid: 81f3b9e7be4f1fe449b29bc506a7113c,
        type: 3}
      propertyPath: m_RootOrder
      value: 5
      objectReference: {fileID: 0}
    - target: {fileID: 8922856119782678864, guid: 81f3b9e7be4f1fe449b29bc506a7113c,
        type: 3}
      propertyPath: m_LocalScale.x
      value: 1.4000002
      objectReference: {fileID: 0}
    - target: {fileID: 8922856119782678864, guid: 81f3b9e7be4f1fe449b29bc506a7113c,
        type: 3}
      propertyPath: m_LocalScale.y
      value: 1.4000002
      objectReference: {fileID: 0}
    - target: {fileID: 8922856119782678864, guid: 81f3b9e7be4f1fe449b29bc506a7113c,
        type: 3}
      propertyPath: m_LocalScale.z
      value: 1.4000001
      objectReference: {fileID: 0}
    - target: {fileID: 8922856119782678864, guid: 81f3b9e7be4f1fe449b29bc506a7113c,
        type: 3}
      propertyPath: m_LocalPosition.x
      value: -0.0777
      objectReference: {fileID: 0}
    - target: {fileID: 8922856119782678864, guid: 81f3b9e7be4f1fe449b29bc506a7113c,
        type: 3}
      propertyPath: m_LocalPosition.y
      value: 0
      objectReference: {fileID: 0}
    - target: {fileID: 8922856119782678864, guid: 81f3b9e7be4f1fe449b29bc506a7113c,
        type: 3}
      propertyPath: m_LocalPosition.z
      value: -0.023100019
      objectReference: {fileID: 0}
    - target: {fileID: 8922856119782678864, guid: 81f3b9e7be4f1fe449b29bc506a7113c,
        type: 3}
      propertyPath: m_LocalRotation.w
      value: -0.31654048
      objectReference: {fileID: 0}
    - target: {fileID: 8922856119782678864, guid: 81f3b9e7be4f1fe449b29bc506a7113c,
        type: 3}
      propertyPath: m_LocalRotation.x
      value: 0.050399113
      objectReference: {fileID: 0}
    - target: {fileID: 8922856119782678864, guid: 81f3b9e7be4f1fe449b29bc506a7113c,
        type: 3}
      propertyPath: m_LocalRotation.y
      value: 0.9383292
      objectReference: {fileID: 0}
    - target: {fileID: 8922856119782678864, guid: 81f3b9e7be4f1fe449b29bc506a7113c,
        type: 3}
      propertyPath: m_LocalRotation.z
      value: 0.12961622
      objectReference: {fileID: 0}
    - target: {fileID: 8922856119782678864, guid: 81f3b9e7be4f1fe449b29bc506a7113c,
        type: 3}
      propertyPath: m_LocalEulerAnglesHint.x
      value: -15.971001
      objectReference: {fileID: 0}
    - target: {fileID: 8922856119782678864, guid: 81f3b9e7be4f1fe449b29bc506a7113c,
        type: 3}
      propertyPath: m_LocalEulerAnglesHint.y
      value: 217.178
      objectReference: {fileID: 0}
    - target: {fileID: 8922856119782678864, guid: 81f3b9e7be4f1fe449b29bc506a7113c,
        type: 3}
      propertyPath: m_LocalEulerAnglesHint.z
      value: 0.74600005
      objectReference: {fileID: 0}
    m_RemovedComponents: []
  m_SourcePrefab: {fileID: 100100000, guid: 81f3b9e7be4f1fe449b29bc506a7113c, type: 3}
--- !u!4 &3219054991718723336 stripped
Transform:
  m_CorrespondingSourceObject: {fileID: 8922856119782678864, guid: 81f3b9e7be4f1fe449b29bc506a7113c,
    type: 3}
  m_PrefabInstance: {fileID: 6302852722366778968}
  m_PrefabAsset: {fileID: 0}
