%YAML 1.1
%TAG !u! tag:unity3d.com,2011:
--- !u!1 &2873300242828324183
GameObject:
  m_ObjectHideFlags: 0
  m_CorrespondingSourceObject: {fileID: 0}
  m_PrefabInstance: {fileID: 0}
  m_PrefabAsset: {fileID: 0}
  serializedVersion: 6
  m_Component:
  - component: {fileID: 2873300242828324182}
  - component: {fileID: 2873300242959569579}
  m_Layer: 0
  m_Name: Saw
  m_TagString: Untagged
  m_Icon: {fileID: 0}
  m_NavMeshLayer: 0
  m_StaticEditorFlags: 0
  m_IsActive: 1
--- !u!4 &2873300242828324182
Transform:
  m_ObjectHideFlags: 0
  m_CorrespondingSourceObject: {fileID: 0}
  m_PrefabInstance: {fileID: 0}
  m_PrefabAsset: {fileID: 0}
  m_GameObject: {fileID: 2873300242828324183}
  m_LocalRotation: {x: -0, y: -0, z: -0, w: 1}
  m_LocalPosition: {x: 0, y: -0.5, z: 0}
  m_LocalScale: {x: 1, y: 1, z: 1}
  m_Children:
  - {fileID: 3901960264454546978}
  m_Father: {fileID: 0}
  m_RootOrder: 0
  m_LocalEulerAnglesHint: {x: 0, y: 0, z: 0}
--- !u!114 &2873300242959569579
MonoBehaviour:
  m_ObjectHideFlags: 0
  m_CorrespondingSourceObject: {fileID: 0}
  m_PrefabInstance: {fileID: 0}
  m_PrefabAsset: {fileID: 0}
  m_GameObject: {fileID: 2873300242828324183}
  m_Enabled: 1
  m_EditorHideFlags: 0
  m_Script: {fileID: 11500000, guid: 038f01f041f33de46b959f6207cd9535, type: 3}
  m_Name: 
  m_EditorClassIdentifier: 
  distance: 1.6
  followingSpeed: 10
  blade: {fileID: 0}
  sawObject: {fileID: 9132616394414142123}
--- !u!1 &9132616394414142123
GameObject:
  m_ObjectHideFlags: 0
  m_CorrespondingSourceObject: {fileID: 0}
  m_PrefabInstance: {fileID: 0}
  m_PrefabAsset: {fileID: 0}
  serializedVersion: 6
  m_Component:
  - component: {fileID: 3901960264454546978}
  m_Layer: 0
  m_Name: SawObject
  m_TagString: Untagged
  m_Icon: {fileID: 0}
  m_NavMeshLayer: 0
  m_StaticEditorFlags: 0
  m_IsActive: 1
--- !u!4 &3901960264454546978
Transform:
  m_ObjectHideFlags: 0
  m_CorrespondingSourceObject: {fileID: 0}
  m_PrefabInstance: {fileID: 0}
  m_PrefabAsset: {fileID: 0}
  m_GameObject: {fileID: 9132616394414142123}
  m_LocalRotation: {x: 0, y: 0, z: 0, w: 1}
  m_LocalPosition: {x: 0, y: 0, z: 0.8}
  m_LocalScale: {x: 3, y: 3, z: 3}
  m_Children:
  - {fileID: 3993057961537022276}
  - {fileID: 6230610724191963229}
  - {fileID: 8009642212823312948}
  m_Father: {fileID: 2873300242828324182}
  m_RootOrder: 0
  m_LocalEulerAnglesHint: {x: 0, y: 0, z: 0}
--- !u!1001 &2735886956739520892
PrefabInstance:
  m_ObjectHideFlags: 0
  serializedVersion: 2
  m_Modification:
    m_TransformParent: {fileID: 3901960264454546978}
    m_Modifications:
    - target: {fileID: 1341478670532919352, guid: 1d345b991473df84f875b0f2b1578665,
        type: 3}
      propertyPath: m_RootOrder
      value: 0
      objectReference: {fileID: 0}
    - target: {fileID: 1341478670532919352, guid: 1d345b991473df84f875b0f2b1578665,
        type: 3}
      propertyPath: m_LocalPosition.x
      value: 0
      objectReference: {fileID: 0}
    - target: {fileID: 1341478670532919352, guid: 1d345b991473df84f875b0f2b1578665,
        type: 3}
      propertyPath: m_LocalPosition.y
      value: 0
      objectReference: {fileID: 0}
    - target: {fileID: 1341478670532919352, guid: 1d345b991473df84f875b0f2b1578665,
        type: 3}
      propertyPath: m_LocalPosition.z
      value: 0.2123
      objectReference: {fileID: 0}
    - target: {fileID: 1341478670532919352, guid: 1d345b991473df84f875b0f2b1578665,
        type: 3}
      propertyPath: m_LocalRotation.w
      value: 1
      objectReference: {fileID: 0}
    - target: {fileID: 1341478670532919352, guid: 1d345b991473df84f875b0f2b1578665,
        type: 3}
      propertyPath: m_LocalRotation.x
      value: 0
      objectReference: {fileID: 0}
    - target: {fileID: 1341478670532919352, guid: 1d345b991473df84f875b0f2b1578665,
        type: 3}
      propertyPath: m_LocalRotation.y
      value: 0
      objectReference: {fileID: 0}
    - target: {fileID: 1341478670532919352, guid: 1d345b991473df84f875b0f2b1578665,
        type: 3}
      propertyPath: m_LocalRotation.z
      value: 0
      objectReference: {fileID: 0}
    - target: {fileID: 1341478670532919352, guid: 1d345b991473df84f875b0f2b1578665,
        type: 3}
      propertyPath: m_LocalEulerAnglesHint.x
      value: 0
      objectReference: {fileID: 0}
    - target: {fileID: 1341478670532919352, guid: 1d345b991473df84f875b0f2b1578665,
        type: 3}
      propertyPath: m_LocalEulerAnglesHint.y
      value: 0
      objectReference: {fileID: 0}
    - target: {fileID: 1341478670532919352, guid: 1d345b991473df84f875b0f2b1578665,
        type: 3}
      propertyPath: m_LocalEulerAnglesHint.z
      value: 0
      objectReference: {fileID: 0}
    - target: {fileID: 3984886902735825387, guid: 1d345b991473df84f875b0f2b1578665,
        type: 3}
      propertyPath: m_Name
      value: Blade
      objectReference: {fileID: 0}
    m_RemovedComponents: []
  m_SourcePrefab: {fileID: 100100000, guid: 1d345b991473df84f875b0f2b1578665, type: 3}
--- !u!4 &3993057961537022276 stripped
Transform:
  m_CorrespondingSourceObject: {fileID: 1341478670532919352, guid: 1d345b991473df84f875b0f2b1578665,
    type: 3}
  m_PrefabInstance: {fileID: 2735886956739520892}
  m_PrefabAsset: {fileID: 0}
--- !u!1001 &3282324060055501705
PrefabInstance:
  m_ObjectHideFlags: 0
  serializedVersion: 2
  m_Modification:
    m_TransformParent: {fileID: 3901960264454546978}
    m_Modifications:
    - target: {fileID: 7016998657196550901, guid: 08e4ce61123a2924cbbd65cf93846b3e,
        type: 3}
      propertyPath: m_Name
      value: Sidewalls
      objectReference: {fileID: 0}
    - target: {fileID: 8933658586221966292, guid: 08e4ce61123a2924cbbd65cf93846b3e,
        type: 3}
      propertyPath: m_RootOrder
      value: 1
      objectReference: {fileID: 0}
    - target: {fileID: 8933658586221966292, guid: 08e4ce61123a2924cbbd65cf93846b3e,
        type: 3}
      propertyPath: m_LocalScale.x
      value: 1
      objectReference: {fileID: 0}
    - target: {fileID: 8933658586221966292, guid: 08e4ce61123a2924cbbd65cf93846b3e,
        type: 3}
      propertyPath: m_LocalScale.y
      value: 0.85
      objectReference: {fileID: 0}
    - target: {fileID: 8933658586221966292, guid: 08e4ce61123a2924cbbd65cf93846b3e,
        type: 3}
      propertyPath: m_LocalScale.z
      value: 0.75
      objectReference: {fileID: 0}
    - target: {fileID: 8933658586221966292, guid: 08e4ce61123a2924cbbd65cf93846b3e,
        type: 3}
      propertyPath: m_LocalPosition.x
      value: 0
      objectReference: {fileID: 0}
    - target: {fileID: 8933658586221966292, guid: 08e4ce61123a2924cbbd65cf93846b3e,
        type: 3}
      propertyPath: m_LocalPosition.y
      value: 0
      objectReference: {fileID: 0}
    - target: {fileID: 8933658586221966292, guid: 08e4ce61123a2924cbbd65cf93846b3e,
        type: 3}
      propertyPath: m_LocalPosition.z
      value: 0.201
      objectReference: {fileID: 0}
    - target: {fileID: 8933658586221966292, guid: 08e4ce61123a2924cbbd65cf93846b3e,
        type: 3}
      propertyPath: m_LocalRotation.w
      value: 1
      objectReference: {fileID: 0}
    - target: {fileID: 8933658586221966292, guid: 08e4ce61123a2924cbbd65cf93846b3e,
        type: 3}
      propertyPath: m_LocalRotation.x
      value: 0
      objectReference: {fileID: 0}
    - target: {fileID: 8933658586221966292, guid: 08e4ce61123a2924cbbd65cf93846b3e,
        type: 3}
      propertyPath: m_LocalRotation.y
      value: 0
      objectReference: {fileID: 0}
    - target: {fileID: 8933658586221966292, guid: 08e4ce61123a2924cbbd65cf93846b3e,
        type: 3}
      propertyPath: m_LocalRotation.z
      value: 0
      objectReference: {fileID: 0}
    - target: {fileID: 8933658586221966292, guid: 08e4ce61123a2924cbbd65cf93846b3e,
        type: 3}
      propertyPath: m_LocalEulerAnglesHint.x
      value: 0
      objectReference: {fileID: 0}
    - target: {fileID: 8933658586221966292, guid: 08e4ce61123a2924cbbd65cf93846b3e,
        type: 3}
      propertyPath: m_LocalEulerAnglesHint.y
      value: 0
      objectReference: {fileID: 0}
    - target: {fileID: 8933658586221966292, guid: 08e4ce61123a2924cbbd65cf93846b3e,
        type: 3}
      propertyPath: m_LocalEulerAnglesHint.z
      value: 0
      objectReference: {fileID: 0}
    m_RemovedComponents: []
  m_SourcePrefab: {fileID: 100100000, guid: 08e4ce61123a2924cbbd65cf93846b3e, type: 3}
--- !u!4 &6230610724191963229 stripped
Transform:
  m_CorrespondingSourceObject: {fileID: 8933658586221966292, guid: 08e4ce61123a2924cbbd65cf93846b3e,
    type: 3}
  m_PrefabInstance: {fileID: 3282324060055501705}
  m_PrefabAsset: {fileID: 0}
--- !u!1001 &8135524602922753074
PrefabInstance:
  m_ObjectHideFlags: 0
  serializedVersion: 2
  m_Modification:
    m_TransformParent: {fileID: 3901960264454546978}
    m_Modifications:
    - target: {fileID: 2288048109771027974, guid: d57154d0400806243af0cf8c4f91a204,
        type: 3}
      propertyPath: m_RootOrder
      value: 2
      objectReference: {fileID: 0}
    - target: {fileID: 2288048109771027974, guid: d57154d0400806243af0cf8c4f91a204,
        type: 3}
      propertyPath: m_LocalScale.x
      value: 1
      objectReference: {fileID: 0}
    - target: {fileID: 2288048109771027974, guid: d57154d0400806243af0cf8c4f91a204,
        type: 3}
      propertyPath: m_LocalScale.y
      value: 1
      objectReference: {fileID: 0}
    - target: {fileID: 2288048109771027974, guid: d57154d0400806243af0cf8c4f91a204,
        type: 3}
      propertyPath: m_LocalScale.z
      value: 1
      objectReference: {fileID: 0}
    - target: {fileID: 2288048109771027974, guid: d57154d0400806243af0cf8c4f91a204,
        type: 3}
      propertyPath: m_LocalPosition.x
      value: -0.02
      objectReference: {fileID: 0}
    - target: {fileID: 2288048109771027974, guid: d57154d0400806243af0cf8c4f91a204,
        type: 3}
      propertyPath: m_LocalPosition.y
      value: -0.03
      objectReference: {fileID: 0}
    - target: {fileID: 2288048109771027974, guid: d57154d0400806243af0cf8c4f91a204,
        type: 3}
      propertyPath: m_LocalPosition.z
      value: 0.05
      objectReference: {fileID: 0}
    - target: {fileID: 2288048109771027974, guid: d57154d0400806243af0cf8c4f91a204,
        type: 3}
      propertyPath: m_LocalRotation.w
      value: 0.5
      objectReference: {fileID: 0}
    - target: {fileID: 2288048109771027974, guid: d57154d0400806243af0cf8c4f91a204,
        type: 3}
      propertyPath: m_LocalRotation.x
      value: 0.50000006
      objectReference: {fileID: 0}
    - target: {fileID: 2288048109771027974, guid: d57154d0400806243af0cf8c4f91a204,
        type: 3}
      propertyPath: m_LocalRotation.y
      value: 0.50000006
      objectReference: {fileID: 0}
    - target: {fileID: 2288048109771027974, guid: d57154d0400806243af0cf8c4f91a204,
        type: 3}
      propertyPath: m_LocalRotation.z
      value: -0.5
      objectReference: {fileID: 0}
    - target: {fileID: 2288048109771027974, guid: d57154d0400806243af0cf8c4f91a204,
        type: 3}
      propertyPath: m_LocalEulerAnglesHint.x
      value: 90.00001
      objectReference: {fileID: 0}
    - target: {fileID: 2288048109771027974, guid: d57154d0400806243af0cf8c4f91a204,
        type: 3}
      propertyPath: m_LocalEulerAnglesHint.y
      value: 0
      objectReference: {fileID: 0}
    - target: {fileID: 2288048109771027974, guid: d57154d0400806243af0cf8c4f91a204,
        type: 3}
      propertyPath: m_LocalEulerAnglesHint.z
      value: -90
      objectReference: {fileID: 0}
    - target: {fileID: 5138847751951487367, guid: d57154d0400806243af0cf8c4f91a204,
        type: 3}
      propertyPath: m_Name
      value: SawBody
      objectReference: {fileID: 0}
    m_RemovedComponents: []
  m_SourcePrefab: {fileID: 100100000, guid: d57154d0400806243af0cf8c4f91a204, type: 3}
--- !u!4 &8009642212823312948 stripped
Transform:
  m_CorrespondingSourceObject: {fileID: 2288048109771027974, guid: d57154d0400806243af0cf8c4f91a204,
    type: 3}
  m_PrefabInstance: {fileID: 8135524602922753074}
  m_PrefabAsset: {fileID: 0}
